3044 5316
329 273 339 289 ι
397 358 477 426 na.
513 363 607 479 err.
643 329 822 453 40-43.
888 399 896 414 ·
1105 355 1162 458 41

47 551 263 664 portunitas
272 563 493 640 castellanos
505 563 708 666 inpellebat
721 567 769 642 ad
782 567 1018 644 decursiones
1032 567 1172 644 facien·

48 684 108 755 das
137 687 180 755 et
203 679 344 759 bellurn
361 681 619 774 inferendum,
642 685 876 786 expugnavit
897 709 1015 788 eaque
1032 685 1172 787 praeda

47 797 187 869 milites
206 796 383 872 donavit:
402 821 499 896 quae
516 800 586 872 etsi
603 799 687 874 eret
702 801 847 894 tenuis,
862 807 991 877 tamen
1009 803 1172 878 intanta

46 911 268 1008 provinciae
296 909 555 1012 desperatione
584 919 666 986 erat
691 921 821 1014 grata,
850 915 1071 1016 praesertim
1096 916 1174 990 vir-
1263 977 1265 984 .

46 1033 131 1102 tute
159 1031 292 1128 parta:
328 1035 390 1119 et,
424 1053 542 1128 quum
567 1029 757 1104 Octavius
782 1053 830 1105 ex
854 1031 945 1133 luga
969 1032 1175 1110 Pharsalici

46 1143 181 1242 proelii
208 1165 347 1244 magna
372 1143 489 1222 classe
513 1145 554 1218 ln
579 1141 686 1221 illum
712 1168 751 1219 se
777 1145 902 1220 sinum
935 1145 1175 1238 contulisset,

46 1258 181 1356 paucis
216 1259 377 1333 navibus
418 1245 718 1349 ladertinorum,
758 1283 921 1358 quorum
954 1281 1101 1360 semper
1132 1258 1174 1334 iu

46 1373 340 1472 Rempoblicam
359 1371 545 1475 singulare
571 1375 796 1449 constiterat
812 1369 1002 1464 officium,
1031 1372 1177 1474 disper-

47 1493 91 1564 sis
110 1491 341 1566 Octavianis
367 1489 526 1566 navibus
544 1497 626 1566 erat
651 1490 796 1591 potitos
806 1547 818 1584 ,
835 1497 880 1567 ut
897 1492 958 1566 vel
984 1491 1100 1566 classe
1118 1493 1175 1566 di-

45 1605 192 1678 micare
219 1611 370 1704 posset,
397 1605 583 1681 adiunctis
610 1607 769 1705 captivis
794 1607 954 1680 navibus
972 1607 1175 1682 sociorum.
1261 1671 1270 1682 .,
1294 1651 1304 1674 ι
1323 1638 1358 1682 ;ι.«

45 1717 93 1792 Et
109 1721 132 1804 ,¹
161 1731 285 1816 quum
324 1715 575 1794 diversissima
609 1727 716 1820 parte
755 1719 856 1794 orbis
889 1711 1079 1794 terrarum
1105 1718 1177 1794 Cn.

46 1837 277 1935 Pompeium
301 1835 440 1910 Caesar
468 1838 592 1911 vietor
617 1841 857 1936 sequeretur,
891 1835 1178 1938 compluresque

49 1944 291 2024 adversarios
316 1952 355 2026 in
377 1951 576 2047 Illyricum
601 1959 756 2057 propter
775 1950 1017 2026 Macedoniae
1034 1955 1179 2052 propin·

49 2067 241 2161 quitatem
269 2087 327 2156 se,
354 2066 519 2164 reliquiis
544 2087 592 2140 ex
605 2064 707 2168 tuga
732 2063 944 2158 conlectis,
975 2065 1179 2144 contulisse

50 2181 224 2272 audiret,
240 2179 387 2258 litteras
405 2177 452 2256 ad
472 2175 676 2256 Gabinium
694 2183 837 2275 mittit,
862 2183 919 2258 uti
946 2205 1037 2257 cum
1060 2181 1180 2284 legio-

50 2297 160 2372 nibus
191 2297 386 2389 tironum,
411 2321 507 2399 quae
533 2323 653 2401 nuper
678 2307 785 2374 erant
810 2301 1064 2400 conscriptae,
1090 2326 1180 2402 pro·

49 2411 291 2488 ficisceretur
315 2415 354 2488 ln
380 2413 600 2511 Illyricum,
626 2414 913 2512 coniunctisque
948 2415 1064 2516 copiis
1090 2441 1181 2490 cum

52 2532 95 2622 Q.
121 2525 360 2620 Cornificio,
384 2533 415 2604 si
441 2529 543 2628 quod
574 2529 784 2632 periculum
818 2531 1034 2630 provinciae
1069 2532 1183 2608 infer·

51 2653 180 2738 retur,
200 2641 422 2745 depelleret:
448 2647 506 2720 sin
533 2669 578 2720 ea
603 2669 680 2719 non
705 2646 851 2746 magnis
867 2643 983 2746 copiis
1000 2649 1086 2720 tuta
1103 2669 1182 2722 esse
1274 2644 1281 2652 '

51 2769 204 2860 posset,
229 2763 269 2834 in
294 2759 557 2836 Macedoniam
581 2759 745 2862 legiones
771 2759 1001 2850 adducerem
1029 2787 1183 2838 omnem

54 2883 157 2954 enim
182 2879 285 2952 illam
306 2885 452 2978 partem
469 2879 757 2979 regionemque,
773 2877 863 2951 vivo
889 2877 960 2951 Cn.
986 2877 1184 2982 Pompeio,

52 2997 201 3070 bellum
228 2995 524 3070 instauratorem
550 3019 628 3068 esse
654 2991 843 3068 credebat.

102 3109 174 3201 43.
203 3107 405 3200 Gabinius,
423 3110 524 3186 utin
541 3106 734 3207 illyricum
751 3110 878 3194 venit,
903 3105 1060 3182 hiberno
1088 3115 1184 3184 tem·

53 3251 146 3326 pore
179 3227 268 3298 anni
294 3242 339 3300 ac
367 3221 537 3316 difficili,
570 3227 651 3300 sive
677 3224 921 3326 copiosiorem
950 3223 1183 3320 provinciam

53 3345 302 3434 existimans,
327 3343 406 3416 sive
431 3341 598 3416 multum
624 3341 799 3416 fortunae
834 3331 989 3414 victoris
1014 3339 1184 3412 Caesaris

53 3463 256 3551 tribuens,
281 3461 361 3534 sive
386 3460 529 3532 virtute
548 3465 587 3532 et
605 3459 762 3532 scientia
779 3481 846 3532 sua
864 3455 1050 3546 confisus,
1069 3475 1185 3553 quam

54 3603 173 3678 saepe
200 3575 371 3651 inbellis
396 3575 651 3676 periclitatus,
672 3599 827 3674 magnas
853 3599 912 3651 res
938 3579 978 3648 et
1003 3572 1185 3646 secundas

55 3693 188 3768 ductu
226 3693 467 3792 auspicioque
500 3707 570 3764 suo
606 3695 795 3791 gesserat,
821 3711 942 3787 neque
968 3687 1185 3788 provinciae

58 3935 246 4054 (1))νῖνίηὲιῖ
260 3931 428 4012 domm,
450 3928 599 4008 desperatio
691 3933 866 4008 'aptataque
889 3923 974 4006 codd.
987 3941 1119 4004 uastoque..
1136 3923 1187 3976 Ast

76 4021 133 4054 ea
148 4017 187 4052 en
244 4005 379 4057 exereres,
401 4015 482 4070 quam
502 3996 599 4048 efficie-
665 3991 1007 4068 Lrpsrusmarmuradlevrt
1112 4007 1186 4060 oque,

55 4067 106 4120 bat
126 4067 283 4140 provincias
299 4067 409 4122 restitns
422 4075 449 4131 et
464 4063 599 4118 sterilitas.
665 4063 700 4117 de
715 4083 769 4180 apro
786 4081 811 4113 v.
829 4063 920 4132 ipsum
936 4058 970 4111 ds
987 4057 1044 4138 mil.
1085 4076 1138 4110 om.
1156 4075 1186 4120 a,

59 4138 99 4186 M.
669 4147 708 4182 ιι.
739 4129 801 4182 dam
818 4127 915 4198 prohat
930 4123 1018 4178 Bentl.
1032 4125 1105 4179 rdem
1115 4124 1187 4178 Oud.

95 4273 184 4330 quam
200 4282 234 4336 υ.
247 4253 418 4338 palatiulus.
443 4258 510 4312 vid.
533 4237 599 4312 ln'd.
635 4321 637 4326 .
666 4191 1188 4340 llilrldirlllidnesvsuelgdelpeurltlvlllpdlrldezdd,
1280 4275 1283 4282 ’

63 4327 193 4407 Glarkius
209 4335 276 4378 ostra
292 4335 507 4408 neceurmtsmls
523 4327 599 4408 codd.
665 4345 681 4382 e
706 4329 824 4410 Gabinio
840 4330 962 4388 Procons.¹
984 4328 1077 4399 Syriae
1099 4327 1189 4382 Ptole*

64 4391 237 4464 φιὼιιιᾶιιιι
252 4393 328 4447 dedat
343 4411 405 4464 qua·
430 4393 487 4448 nlu
503 4391 599 4466 quidm·
667 4404 771 4451 meum
788 4417 818 4454 ru
833 4391 951 4470 Regnum
969 4415 1024 4450 esse
1040 4396 1188 4450 reductum.

176 4490 332 4567 emam.
359 4489 556 4569 Commeat.
582 4494 690 4568 Tom.
707 4490 753 4566 ll.
1006 4490 1036 4568 F
