3030 5318
242 373 245 378 ’
339 372 428 468 108
536 404 575 465 a,
611 399 750 462 mauu
784 399 839 460 nu
875 399 1011 460 nunno
1046 395 1262 460 ursicino

327 591 473 688 ¹ventur.
515 603 661 697 Quibus
678 604 865 680 Caesario
879 603 1087 703 praesentia
1104 602 1246 704 gratias
1260 601 1336 700 agit
1350 617 1459 698 proe-

332 721 536 818 sidiumquc
559 718 659 794 breui
681 715 838 819 tempore
854 745 894 794 so
911 725 1108 792 mororum
1120 813 1122 820 Ι
1136 717 1255 803 dixit3
1280 716 1459 788 cohorta-

331 845 467 936 tusque
481 835 528 910 ad
542 859 629 910 suos
643 837 745 910 cives
759 837 863 913 iubet
877 835 1076 936 proticisci.
1097 835 1152 952 χΡ.
1167 833 1284 908 Sitios
1298 833 1452 906 interim

333 977 424 1030 oum
450 956 567 1052 copiis
593 953 792 1030 Numidiae
818 952 908 1026 fines
933 955 1141 1053 ingressae,
1172 949 1389 1039 castellum,
1415 950 1457 1022 in

331 1076 463 1146 monte
503 1069 588 1143 loco
628 1074 774 1144 munito
814 1070 1005 1159 locatum,
1031 1071 1070 1142 iu
1100 1068 1203 1168 quod
1237 1069 1330 1142 luha
1365 1064 1459 1140 belli

332 1183 482 1284 gerendi
501 1186 630 1284 gratia
646 1193 685 1260 et
699 1187 930 1260 frumentum
947 1191 986 1258 et
1005 1209 1063 1258 res
1095 1193 1257 1274 ceteras,
1284 1206 1379 1282 quae
1408 1179 1458 1256 acl

331 1296 474 1372 bellum
502 1303 581 1371 usui
610 1299 731 1375 solent
764 1326 864 1392 esse,
900 1301 1227 1400 comportaverant,
1262 1299 1299 1369 vi
1336 1319 1458 1394 expu-

332 1419 481 1516 gnando
508 1423 565 1490 est
585 1421 737 1515 potitos.

388 1531 451 1622 37.
477 1531 614 1606 Caesar
633 1540 831 1631 postquam
849 1531 1062 1633 legionibus
1087 1527 1275 1604 veteranis
1291 1523 1458 1616 duabus,

337 1650 511 1744 equitatu
546 1650 696 1748 levique
723 1647 936 1738 armatura,
963 1650 1090 1747 copias
1122 1671 1208 1720 suas
1227 1669 1275 1718 ex
1292 1644 1460 1717 sectando

333 1772 550 1838 commeatu
570 1771 744 1854 auxerat,
770 1789 885 1838 naves
903 1789 969 1838 sex
987 1764 1175 1840 onerarias
1198 1763 1334 1834 'statim
1351 1761 1462 1839 iubet·

334 1881 557 1976 Lilybaeum
583 1883 629 1956 ad
656 1883 842 1979 reliquum
879 1882 1087 1956 exercitum
1123 1878 1459 1978 transportandum

335 1993 540 2097 proficisci:
575 1997 654 2094 ipse
681 1999 734 2070 Vl
758 1995 842 2070 Kal.
868 1995 976 2070 Febr.
1003 1995 1155 2069 circiter
1183 1994 1308 2094 vigilia
1335 1995 1460 2092 prima

336 2113 518 2208 imperat,
546 2111 798 2212 speculatores
825 2111 1128 2212 adparitoresque
1157 2125 1288 2186 omnes
1315 2118 1357 2185 ut
1387 2112 1460 2186 sibi

317 2233 487 2324 xpraesto
506 2234 640 2302 essent.
675 2229 827 2325 ltaque,
854 2229 1028 2303 omnibus
1051 2229 1177 2302 insciis
1201 2250 1321 2324 oeque
1341 2230 1461 2327 suspi-

335 2342 530 2430 cantibuS,
546 2342 672 2442 vigilia
685 2345 799 2416 tertia
815 2343 919 2416 iubet
934 2351 1063 2416 ornnes
1077 2341 1241 2445 legiones
1257 2367 1304 2416 ex
1323 2344 1460 2418 castris

335 2451 443 2528 educi
459 2462 573 2552 atque
585 2481 626 2530 se
639 2459 817 2556 ¹consequi
833 2459 880 2532 ad
893 2459 1073 2558 oppidum
1092 2459 1300 2557 Ruspinam
1315 2481 1461 2552 versus,

337 2565 375 2642 in
404 2591 479 2666 quo
508 2572 595 2667 ipse,
610 2573 834 2671 praesidium
862 2574 1019 2661 babuit,
1041 2580 1080 2646 et
1096 2573 1196 2670 quod
1223 2572 1388 2672 primurn
1408 2572 1460 2646 ad

334 2687 541 2760 amicitiam
570 2690 649 2760 eius
676 2683 845 2794 accessit.
898 2690 987 2762 lnde
1014 2681 1212 2792 parvulam
1239 2687 1461 2787 proclivita-

332 2807 411 2874 tem
432 2801 637 2902 digressus,
664 2807 813 2880 sinistra
831 2813 939 2906 parte
961 2810 1082 2905 campi
1111 2811 1265 2904 propter
1281 2831 1385 2880 mare
1403 2805 1461 2882 le·

332 2919 461 3015 giones
489 2921 608 2991 ducit.
672 2921 743 2994 llic
779 2945 935 3021 campus
976 2922 1136 2996 mirabili
1162 2922 1318 3022 planitie
1344 2931 1460 3023 patet

332 3032 434 3108 milia
450 3057 627 3132 passuum
641 3037 866 3134 quindeoirm
886 3063 997 3136 quem
1013 3042 1143 3139 iu'gum
1156 3043 1306 3142 ingens,
1323 3065 1344 3113 a
1358 3045 1460 3117 mari

330 3157 457 3224 ortum
478 3176 597 3250 neque
614 3155 668 3226 ita
687 3139 915 3253 praealtum,
944 3157 1047 3232 velut
1065 3159 1200 3232 theatri
1230 3155 1348 3273 efficit
1365 3185 1460 3259 spe-

332 3265 439 3340 ciem.
470 3315 472 3319 -
492 3269 535 3341 ln
555 3269 627 3344 hnc
649 3272 736 3370 iugo
756 3269 869 3343 colles
887 3279 975 3344 sunt
994 3274 1129 3346 excelsi
1152 3275 1281 3372 pauci;
1309 3273 1347 3346 in
1366 3278 1461 3372 qui·
1497 3289 1498 3295 ’

211 3405 213 3411 ’
330 3375 411 3455 bus*
431 3383 598 3484 singulae
626 3394 749 3459 turres
775 3388 1021 3485 speculaeque
1048 3377 1213 3489 singulae
1240 3395 1459 3492 perveteres

331 3507 439 3574 erant
458 3503 697 3576 conlocatae:
725 3527 884 3600 quarum
908 3505 1006 3605 apud
1026 3505 1198 3582 ultimam
1223 3509 1457 3610 praesidium
1495 3521 1496 3553 l

236 3637 240 3650 ¹
330 3627 370 3692 et
389 3621 502 3693 statio
520 3620 593 3692 fuit
615 3621 810 3718 Scipionis.
1233 3629 1235 3634 ’
1395 3678 1400 3696 .
1489 3635 1495 3720 ,l

323 2891 329 2928 l

361 3781 452 3834 Staius.
471 3779 513 3834 Cs.
530 3798 588 3852 cap.
607 3785 647 3832 2⁵.
667 3782 709 3833 M.
921 3785 1078 3842 Novembris
1095 3788 1173 3851 dies,
1195 3799 1321 3844 monente
1338 3783 1455 3848 Usserio
1493 3791 1494 3809 ¹

360 3847 853 3920 castellum-locatum-estpotitus.
922 3855 952 3904 iu
973 3853 1070 3907 Auual.
1089 3853 1155 3909 -loco
1177 3859 1222 3909 cit.
1248 3858 1282 3912 ad
1306 3877 1328 3912 c.
1358 3877 1379 3909 ι.
1406 3861 1455 3913 Μ.
1492 3877 1493 3939 p

328 3911 373 3968 Sic
385 3915 466 3968 codd.
479 3916 558 3970 boni:
577 3916 670 3985 vulgo.
687 3918 794 3969 castello
811 3919 855 3968 lo·
921 3920 967 3973 Sic
984 3930 1010 3973 et
1027 3923 1183 3976 Guischarrl.
1201 3925 1261 3978 vol.
1280 3942 1303 3978 2.
1322 3945 1380 3996 pag.
1391 3944 1454 3994 227.

327 3995 407 4045 rato,
436 4002 467 4036 ex
485 3981 670 4036 emendatione
690 4003 745 4036 non
762 4003 854 4038 neces-
920 3987 1017 4040 Verum
1029 3992 1057 4041 in
1074 3989 1155 4041 Mem.
1174 3992 1232 4044 crit.
1247 4011 1273 4066 p.
1289 3993 1346 4048 388.
1360 4004 1454 4046 osten·
1491 3997 1492 4048 l

327 4050 404 4101 saria.
435 4051 523 4102 Poura
548 4052 666 4121 aliquid,
695 4053 854 4106 natantium
921 4053 987 4114 dit,
1023 4055 1223 4130 intelligendum
1252 4079 1308 4115 osse
1337 4062 1453 4125 xxix,
1490 4115 1491 4130 p

326 4123 374 4168 est.
392 4117 491 4172 Utrum
504 4123 530 4171 in
547 4131 645 4182 morale,
663 4138 695 4172 au
714 4125 742 4172 in
757 4125 854 4174 orontis
921 4122 1090 4177 Novembris.
1187 4175 1189 4180 .
1490 4133 1491 4195 l

326 4181 383 4232 loco
412 4185 581 4238 ssribeudnm
603 4189 659 4249 sit,
684 4187 796 4240 dubium
813 4198 854 4240 est

346 4251 498 4312 ercodicos,
532 4258 559 4306 ui
572 4255 625 4306 fare
636 4268 734 4307 montes
746 4255 853 4308 liabent.
1489 4275 1490 4325 l

324 4267 364 4368 bl.
374 4317 404 4368 ln
413 4271 635 4397 vulgatalectione
647 4322 728 4376 ‹lurrn
737 4325 862 4376 nimium'

326 4393 367 4436 ost
383 4383 560 4438 oblatrvorum
578 4404 728 4444 concursus·
952 4391 1107 4446 conlocatae.
1125 4391 1217 4448 Editio
1239 4393 1304 4448 Ven·
1322 4397 1452 4466 praemit·

360 4451 410 4503 Vl.
438 4452 502 4505 Kal.
531 4456 608 4508 Fur.
636 4454 662 4508 Is
692 4465 733 4510 cst
761 4463 852 4512 sextus
919 4459 955 4511 tit
973 4471 1043 4523 orate.

952 4211 1090 4296 parvolam
1105 4229 1302 4297 proclivitatem.
1322 4231 1383 4294 Au,
1398 4250 1452 4300 per·

918 4312 991 4366 pure.
1007 4294 1139 4364 proclia?
1155 4299 1199 4350 M.
