3044 5316
350 585 428 704 ,4.
497 581 859 694 HIRTII

288 836 592 961 onemo
635 845 941 914 Asnlcnno

487 1067 780 1191 sisse.-

424 1369 807 1482 snovnonttvn.

50 1551 122 1642 Cap.
138 1575 164 1614 1.
186 1551 303 1614 Caesar
315 1556 349 1616 in
363 1554 510 1638 Africam
522 1555 677 1640 projectus
739 1557 821 1620 2-26.
836 1556 1173 1646 Adrumetumsncstra

91 1665 203 1712 tanat.
244 1652 289 1712 ad
309 1651 483 1734 Ruspinam
502 1665 607 1712 castra
627 1652 717 1714 locat.
770 1675 798 1736 7.
818 1653 873 1714 illi
893 1655 999 1738 Leptis
1017 1677 1049 1716 se
1068 1656 1174 1730 dedit,

6 1777 7 1780 ¹
88 1771 152 1831 quo
192 1749 221 1810 8.
235 1749 362 1808 auxilia
377 1761 531 1808 conuocat.
593 1765 696 1826 9-11.
709 1749 750 1810 de
758 1751 921 1834 frumento
938 1753 995 1812 sibi
1012 1755 1171 1837 prospicit.

51 1865 57 1872 ·
93 1863 220 1923 12-19.
233 1865 303 1906 oum
317 1845 455 1906 labieno
469 1843 631 1926 aliquoties
646 1848 794 1928 corfiigit.
833 1869 882 1910 20.
898 1869 947 1910 2ι.
963 1851 996 1910 in
1009 1853 1117 1912 castris
1130 1851 1176 1912 ad

88 1938 269 2021 Ruspinam
294 1939 401 2020 copias
421 1950 526 2017 auget,
549 1958 656 2012 mma,
679 1942 787 2002 victum
808 1955 912 2022 parat.
963 1965 1012 2003 22.
1034 1943 1083 2004 23.
1105 1943 1178 2004 Ca-

89 2033 192 2103 tonis,
208 2031 313 2092 Uticae
328 2031 506 2104 Praesidis,
527 2035 650 2092 hortatu
669 2035 1171 2121 Pompeiusfiliusftiauritanim

92 2123 240 2204 Bogudis
253 2126 411 2206 Regnum,
427 2125 554 2186 invadit.
578 2129 732 2192 Ascurum
735 2129 863 2212 frustra
875 2129 1000 2191 obsidet.

53 2214 127 2298 Cap.
155 2221 209 2290 24.
229 2217 352 2300 Scipio,
375 2208 528 2280 Labienus
549 2235 579 2282 et
602 2223 736 2282 Petreius
754 2223 860 2305 copias
879 2223 1016 2303 iuugtmt.
1054 2223 1176 2284 Caesar

88 2317 185 2394 gravi
197 2335 322 2376 annona
341 2315 472 2376 laborat.
513 2316 562 2376 25.
576 2317 683 2378 Iubam
704 2318 835 2398 Regem,
854 2319 916 2378 suis
929 2318 1050 2378 attoilio
1071 2338 1180 2398 egres-

92 2429 184 2480 sum,
199 2407 292 2468 Sitius
305 2421 334 2471 et
347 2409 421 2470 Rex
433 2411 555 2470 Baebius
567 2413 675 2472 reverti
687 2425 807 2492 cogsmt.
848 2410 897 2472 26.
914 2411 1028 2472 Caesar
1047 2409 1088 2472 de
1108 2409 1175 2470 od-

10 2579 14 2590 Ι
91 2517 186 2564 ventu
206 2525 260 2563 suo
282 2505 382 2590 Afros
408 2507 549 2568 certiores
569 2505 689 2579 reddit,
712 2506 838 2568 maxilla
856 2520 959 2591 parat.
1002 2527 1050 2590 ²7·
1073 2507 1175 2590 Scipio

88 2600 275 2683 elephantos
302 2601 522 2690 condocesacit.
606 2601 679 2662 128.
710 2603 807 2662 litias
823 2603 960 2686 fratres,
990 2624 1012 2665 a
1043 2604 1174 2686 Virgilio

87 2707 217 2775 captos,
238 2694 340 2776 Scipio
361 2695 505 2756 trucidat.
570 2712 619 2774 29.
627 2697 750 2778 Leptim
752 2697 880 2780 frustra
893 2697 1046 2778 obpugnat
1059 2697 1177 2758 Labie-

88 2813 160 2850 nus.
218 2789 340 2852 30-32.
356 2793 495 2873 Pugnam
512 2811 582 2851 cum
599 2791 740 2872 Scipione
760 2793 834 2851 vitat
857 2792 980 2852 Caesar.
1034 2791 1177 2854 (iactabas

87 2888 123 2946 in
135 2899 248 2967 partes
264 2907 334 2948 suas
354 2887 448 2948 trabit
461 2885 681 2968 Numidasque.
733 2884 782 2969 33.
801 2886 929 2952 Achilla
943 2887 1061 2948 civitate
1073 2888 1106 2947 in
1118 2886 1179 2948 de-

92 2979 251 3042 ditionem
265 2994 386 3062 recepta
405 3001 426 3040 o
440 2981 550 3040 Messio
571 2992 599 3040 a
646 2978 694 3054 34.
708 2981 837 3042 Cercina
853 2980 952 3042 insula
973 2999 993 3038 a
1013 2979 1174 3053 Sallustio,

79 3073 252 3156 fruniento
263 3073 452 3156 ancillisque
467 3074 583 3134 Caesar
602 3089 739 3156 augetur.
788 3072 836 3136 35.
860 3073 996 3145 Gaetuli,
1026 3072 1178 3154 Scipionis

88 3169 316 3252 speculatores,
345 3170 431 3252 apud
454 3171 617 3231 Caesarem
634 3177 822 3230 remanent.'
884 3171 978 3230 Multi
996 3171 1058 3228 eius
1082 3171 1178 3250 gentis

88 3266 138 3326 ad
162 3279 411 3332 etuntronseunt.
484 3264 542 3328 36.
566 3265 681 3330 Tisdra
693 3265 807 3344 legatos
819 3265 860 3325 de
872 3263 1027 3324 deditione
1047 3265 1091 3326 ad
1110 3285 1179 3324 eum

90 3361 204 3421 mittit.
239 3359 331 3420 Sirius
344 3361 501 3421 castellum
514 3361 547 3419 in
560 3359 712 3424 Numidia
725 3361 754 3418 ui
766 3371 934 3441 expugnat.
1007 3371 1018 3380 '

53 3455 128 3540 Cap.
146 3456 190 3538 37
200 3499 233 3510 -
244 3460 293 3531 42.
306 3457 364 3523 Ad
378 3455 549 3539 Ruspinam
573 3455 688 3515 Caesar
709 3469 737 3513 et
757 3454 858 3537 Scipio
879 3453 1029 3516 dimicare
1048 3467 1179 3532 tentant,

90 3573 150 3610 nec
179 3549 302 3618 audent.
415 3549 462 3624 43.
475 3550 649 3614 Considius
675 3549 819 3608 Achillae
840 3547 1026 3608 obsidionem
1049 3546 1178 3618 deserit:

91 3643 309 3712 Adrumetum
329 3665 361 3703 se
378 3644 496 3726 recipit.
572 3643 694 3718 44-46.
709 3644 808 3702 Nauos
831 3641 972 3704 Caesaris
993 3641 1031 3701 ab
1044 3641 1178 3704 nostibus

92 3742 295 3820 interceptae.
367 3740 531 3798 Veteranos
550 3752 672 3821 captos,
702 3741 852 3800 incussum
874 3739 1065 3808 sollicitatos,
1088 3735 1179 3796 caedi

92 3834 183 3892 iubet
201 3831 313 3914 Scipio.
373 3834 421 3914 47.
442 3825 547 3893 Scaea
558 3833 715 3914 grandine
727 3833 879 3915 subitoque
890 3831 984 3892 imbre
999 3829 1179 3891 Caesariani
1203 3875 1212 3892 .

96 3943 267 3992 vexantur.
322 3929 460 3994 Pilorum
480 3931 640 3989 cacumina
654 3929 773 3991 ardent.

59 4023 136 4106 cap.
157 4021 208 4096 48.
229 4023 306 4084 Iuba
325 4022 369 4082 ad
386 4023 557 4106 Scipionem
578 4025 702 4083 auxilia
719 4023 857 4084 adducit.
919 4018 1040 4098 49-52.
1064 4019 1179 4079 Caesar

8 4151 9 4158 .
94 4141 204 4203 prope
227 4119 345 4180 Uzitum
365 4143 433 4180 cum
454 4122 536 4180 boste
546 4141 692 4204 prospere
701 4133 828 4202 pugnat.
871 4117 918 4180 53.
936 4119 1083 4202 Legiones
1096 4138 1178 4180 nona

98 4229 130 4278 et
157 4214 280 4276 decimo
303 4235 346 4274 ex
368 4214 475 4282 Sicilia
498 4215 670 4278 adveniunt.
752 4214 801 4290 54.
824 4215 977 4280 Militares
1006 4211 1179 4298 Praefectos

96 4403 141 4466 D·
158 4402 224 4464 belh
242 4397 379 4480 Astmano.
404 4401 477 4460 Alias
493 4399 601 4474 Africo,
619 4409 651 4454 ut
669 4399 704 4493 C,
719 4415 750 4464 2,
767 4397 807 4454 32.
