2998 5320
507 362 777 423 FRAGMENTA.
1093 367 1148 426 21
1167 369 1181 426 1

8 534 13 628 5³
79 578 145 630 sne
164 557 280 632 alium
298 560 425 650 mitte,
441 585 554 660 quem
573 589 713 640 ornem.
747 567 809 638 Ex
826 564 902 640 Cic.
919 565 969 638 od
979 565 1082 638 Fam.
1101 587 1134 657 7,
1156 568 1191 638 5.

7 631 14 749 l
151 684 293 762 Turnebus
304 711 344 762 vel
354 711 449 780 Leptae
459 703 566 782 delego,³
583 715 780 770 Lamhimavet
792 715 883 784 Leptae
891 714 1022 784 delegato.
1037 716 1191 784 Rutgersius

4 758 14 877 J
114 784 149 836 V.
168 785 200 838 L.
221 803 257 850 r,
273 794 296 844 5.
311 790 354 840 νεὶ
370 791 475 860 tepore
491 791 613 861 legatum.

5 882 11 945 l

4 1067 5 1074 ἵ
131 965 267 1064 Neque
289 991 356 1062 pro
375 975 487 1043 cauto
507 996 550 1043 ac
568 953 744 1072 diligente
771 997 808 1045 se
836 973 965 1045 castris
991 973 1188 1046 continuit.

4 1172 24 1210 ,ἱ
75 1079 144 1152 Ex
174 1081 311 1156 Charis.
337 1085 362 1156 l.
392 1112 423 1156 r.
449 1088 513 1158 col.
545 1112 627 1160 101.
652 1089 736 1162 edu.
762 1089 941 1162 Putsclzri'.

3 1277 5 1342 ἱ
133 1286 236 1376 Quid
262 1291 428 1388 quaeris,
454 1293 542 1392 quid
560 1295 695 1373 Caesar
712 1297 758 1368 ad
777 1312 836 1368 me
854 1295 1062 1396 scripserit?
1087 1298 1188 1394 quod

2 1410 8 1525 ἰ
78 1423 214 1524 saepe,
232 1407 482 1502 gratissimum
502 1410 569 1480 sibi
588 1435 685 1500 esse,
712 1413 810 1508 quod
828 1415 1002 1510 quierim:
1030 1423 1185 1512 oratque

1 1531 5 1607 ὲ
77 1536 118 1583 rn
149 1534 193 1584 eo
222 1523 263 1586 ut
288 1543 530 1618 perseverem.
582 1525 643 1596 Ex
669 1525 743 1597 Cic.
769 1527 819 1597 ud
843 1527 953 1600 Attio.
980 1527 1019 1618 8,
1048 1553 1106 1598 rr.

2 1708 5 1789 ¹.
132 1735 188 1804 De
214 1734 424 1810 Tribunatu
450 1735 549 1838 quod
576 1737 727 1826 scribis,
752 1759 820 1836 ego
848 1759 936 1808 vero
964 1736 1184 1810 nominatim

1 1852 5 1923 ζ
78 1847 200 1947 petivi
227 1849 375 1934 Curtio,
404 1859 441 1923 et
460 1853 548 1923 milri
566 1853 642 1949 ipse
660 1852 794 1924 Caesar
812 1849 1030 1921 nominatim
1050 1849 1182 1922 Curtio

79 1971 255 2060 paratum
282 1991 358 2042 esse
383 1969 582 2072 rescripsit.
650 1967 711 2038 Er
730 1967 821 2081 Cio.
853 1967 902 2040 od
933 1967 1103 2066 Quintum
1122 1967 1182 2060 sr.
1216 2073 1220 2082 ι

0 2125 1 2128 =
80 2081 123 2170 3,
156 2108 196 2171 1,
224 2085 259 2160 3.

69 2307 70 2314 ¹
131 2286 244 2376 Quod
284 2288 432 2384 quidem
470 2288 739 2389 propemodum
774 2287 904 2360 videor
937 2309 982 2358 ex
1018 2286 1183 2359 Caesaris

79 2401 215 2479 litteris
230 2406 342 2510 ipsius
358 2407 550 2484 voluntate
564 2407 684 2478 facere
700 2429 825 2503 posse,
852 2405 915 2506 qui
935 2409 1045 2502 negat
1065 2429 1183 2501 neque

5 2572 9 2581 .
79 2519 269 2600 honestius
289 2547 406 2624 neque
425 2523 543 2594 tutius
562 2523 650 2593 milri
669 2521 869 2617 quidquam
889 2543 982 2606 esse,
1009 2541 1119 2614 quarn
1136 2521 1181 2592 ab

4 2631 5 2691 l
79 2635 183 2705 omni
210 2637 448 2708 contentione
474 2636 610 2710 abesse.
661 2627 822 2706 Err'Ci'c.
849 2633 897 2704 ud
921 2631 1032 2703 Aule.
1064 2657 1126 2722 ro,
1145 2657 1181 2730 9.

4 2877 6 2926 ῑ
131 2845 268 2923 Caesar
292 2847 383 2924 milii
408 2847 566 2946 ignoscit
592 2871 656 2944 per
680 2845 843 2936 litteras,
878 2844 976 2942 quod
1011 2871 1083 2922 non
1120 2872 1212 2942 ve<

5 3023 6 3027 ,
79 2961 199 3034 nerim
226 2985 374 3058 seseque
400 2961 439 3032 in
466 2963 645 3060 optimam
673 2967 817 3057 partem
833 2961 869 3032 id
889 2962 1055 3057 accipere
1074 2960 1178 3036 dicit.

79 3071 204 3146 Facile
218 3076 351 3172 patior,
364 3075 463 3171 quod
476 3075 619 3162 scribit,
637 3099 763 3146 secum
778 3074 939 3147 Tullium
955 3079 993 3145 et
1008 3075 1180 3146 Servium

4 3224 7 3232 ·
78 3193 232 3284 questos
248 3213 343 3274 esse,
364 3189 450 3286 quia
468 3189 652 3264 nunidem
667 3190 733 3262 sibi
751 3190 849 3286 quod
864 3190 951 3260 mihi
968 3191 1180 3265 remisisset.

80 3301 203 3376 ..seu
214 3309 337 3375 tamen
353 3303 563 3404 exemplum
576 3305 656 3380 misi
672 3303 716 3376 ad
731 3309 768 3376 te
782 3303 945 3384 Caesaris
959 3300 1180 3374 litterarum.

84 3412 148 3486 Ex.
169 3415 244 3491 Cic.
270 3417 319 3490 ud
341 3416 453 3492 Aui'c.
482 3444 538 3506 ιο,
565 3419 601 3494 3.

662 3567 666 3596 l
1054 3579 1063 3590 ‘
1106 3595 1108 3601 .

130 3621 270 3696 Sestius
297 3623 394 3722 apud
408 3624 571 3708 metuit,
599 3632 638 3699 et
664 3627 945 3723 Theopompus,
973 3623 1087 3721 pridie
1116 3648 1179 3696 ve-

83 3735 177 3810 nisse
203 3763 224 3817 a
250 3739 403 3812 Caesare
431 3740 603 3816 narrabat
628 3739 791 3820 litteras:
819 3741 888 3813 hoc
907 3743 1084 3828 scrihere,
1110 3742 1178 3830 sibi

83 3855 226 3930 certum
246 3875 321 3926 esse
338 3855 478 3932 Romae
496 3879 663 3928 mouere:
680 3878 923 3951 ¹caussamque
943 3878 1023 3928 earn
1043 3853 1178 3926 adscri-

81 3965 190 4056 bere,
215 3991 308 4064 quae
335 3976 414 4042 erat
432 3970 470 4040 in
490 3969 666 4068 epistola,
692 3994 792 4046 nese
811 3967 1176 4066 absentelogessuae

81 4083 371 4184 negligerentur,
406 4087 502 4158 sicut
529 4093 623 4159 esset
648 4085 816 4185 neglecta
841 4085 1057 4158 sumtuaria.
1115 4085 1188 4158 Ea·

82 4197 154 4275 Cic.
179 4199 229 4270 ud
253 4197 362 4280 Attin.
393 4202 465 4294 13,
485 4223 523 4296 7.

146 4365 224 4422 conf.
238 4365 271 4420 de
288 4365 341 4438 lege
361 4367 505 4420 summaria
522 4366 628 4423 Seston.
645 4365 695 4422 Iul.
713 4383 770 4440 cap.
789 4365 828 4436 43.
842 4374 868 4420 et
884 4364 938 4420 Cic.
955 4342 1067 4421 ad'fam.
1086 4381 1116 4433 9,
1137 4367 1173 4418 15.
