3030 5318
362 396 442 460 nru.
478 398 574 460 orn.
612 359 791 485 48-50.

1046 393 1134 502 119
1242 373 1245 380 ’

45 583 203 697 capiendo
225 580 309 672 loca
337 599 483 674 excelsa
510 625 714 700 occupare,
740 597 948 680 contendit.
988 601 1139 676 Adver-

48 715 131 796 sarii,
157 714 411 812 magnitudine
430 718 627 814 copiarum
644 715 795 807 confisi,
821 717 1036 817 proximum
1063 717 1140 794 col-

48 823 102 896 lern
126 836 406 926 occupaverunt
424 837 538 928 atque
550 835 609 910 ita
626 831 772 934 longius
789 833 857 906 sibi
878 827 1138 932 progrediendi

48 946 240 1041 eripuerunt
268 945 502 1025 facultatem.
578 949 754 1024 Eiusdem
790 948 897 1024 collis¹
930 948 1142 1047 occupandi

47 1063 144 1158 gratia
166 1059 353 1136 Labienus
379 1064 574 1138 consilium
602 1059 840 1164 ceperatet,
866 1087 941 1162 quo
966 1065 1141 1164 propiore

46 1173 110 1246 loco
134 1175 283 1268 fuerat,
308 1205 353 1252 eo
380 1180 537 1254 celerius
564 1187 795 1256 occurrerat.

84 1294 136 1364 50.
154 1295 247 1370 Erat
265 1295 468 1387 convallis,
494 1300 583 1372 satis
610 1323 747 1399 magna
773 1295 990 1384 latitudine,
1010 1293 1144 1370 altitu-

49 1407 112 1488 line
135 1399 353 1512 praerupta,
385 1416 524 1488 crebris
558 1413 650 1488 locis
683 1414 881 1514 speluncae
916 1417 954 1488 in
986 1411 1144 1486 modurn

49 1527 212 1616 subrutis,
240 1553 336 1628 quae
376 1537 485 1607 erant
524 1530 829 1630 transgredienda
856 1531 1003 1604 Caesari
1031 1537 1145 1621 ante,

50 1663 137 1736 quarn
164 1641 210 1716 ad
238 1669 325 1718 cunr
360 1645 521 1735 collem,
549 1669 661 1744 quern
688 1652 820 1745 capere
855 1643 1033 1734 volebat,
1058 1669 1146 1742 per-

49 1758 239 1847 veniretur3
268 1760 441 1858 ultraque
468 1785 551 1835 eam
578 1759 789 1836 convallem
807 1759 990 1833 olivetum
1016 1769 1145 1848 vetus,

51 1874 163 1947 crebris
189 1878 387 1952 arboribus
408 1881 658 1952 condensum.
711 1881 783 1952 Hic
815 1903 933 1978 quum
959 1877 1147 1950 Labienus

52 1988 378 2082 animadvertisset,
416 1995 638 2084 Caesarem,
674 1997 704 2068 si
747 1993 859 2067 vellet
897 2017 984 2066 eurn
1018 1992 1148 2064 locum

38 2121 232 2204 ‚occupata
252 2109 354 2206 prius
372 2133 520 2182 necesse
547 2135 625 2184 esse
651 2107 862 2184 convallem
888 2107 1147 2202 oliyeturnque

54 2216 264 2316 transgredi,
291 2245 423 2296 eorum
457 2223 629 2298 locorum
662 2227 806 2326 peritus
826 2225 867 2296 in
893 2221 1033 2298 insidiis
1060 2243 1149 2292 curn
1210 2210 1215 2220 ⁸

55 2339 137 2424 parte
164 2341 356 2435 equitatus
383 2342 531 2440 levique
557 2349 750 2414 armatura
775 2339 962 2414 consedit:
990 2345 1029 2412 et
1044 2360 1150 2438 prae·

56 2453 134 2522 terea
157 2463 242 2551 post
268 2465 437 2536 montem
463 2457 650 2556 collesque
669 2457 812 2556 equites
831 2458 869 2528 in
888 2453 1040 2532 occulto
1061 2479 1150 2526 cun·

55 2559 243 2664 locaverat,
276 2583 347 2666 ut,
382 2601 499 2676 quum
526 2578 604 2675 ipse
631 2575 893 2674 exinproviso
927 2572 1148 2674 legionarios

56 2682 182 2762 adortus
200 2699 319 2784 esset,
345 2717 392 2767 ex
407 2692 570 2769 *collese
589 2695 779 2790 equitatus
797 2691 1009 2765 ostenderet
1027 2697 1085 2776 et,
1107 2714 1149 2762 re

57 2795 170 2898 duplici
194 2810 438 2907 perturbatus
463 2813 599 2888 Caesar
625 2811 777 2908 eiusque
796 2809 1004 2894 exercitus,
1030 2832 1149 2906 neque

58 2921 142 2988 retro.
172 2923 436 3022 regrediundi,
472 2947 592 3023 neque
627 2924 729 2999 ultra
765 2923 989 3023 procedendi
1024 2922 1151 2995 oblata

58 3025 232 3127 laenitate,
252 3040 534 3114 circumventus
553 3039 825 3116 concideretur.
845 3073 849 3083 =
866 3039 1023 3124 Caesar,
1050 3037 1151 3134 equi·

59 3144 123 3216 tau
148 3158 235 3224 ante
273 3154 501 3251 praemisso,
520 3155 682 3228 «inscius.
706 3153 924 3226 insidiarum
960 3175 1076 3248 quurn
1104 3149 1152 3222 ad

59 3283 126 3337 eum
139 3268 265 3346 locum
285 3273 470 3364 veffisset,
495 3273 600 3346 abusi
627 3274 718 3346 sive
732 3271 836 3344 obliti
863 3273 1152 3368 praeceptorum

61 3493 563 3618 ..rrrtatf‘badetata

61 3623 188 3686 patendo.
204 3629 322 3689 Iurisuus
344 3631 495 3682 medendo.

80 3706 126 3780 ¹sibi
148 3714 269 3782 properi.
300 3703 364 3780 Lag.
395 3713 430 3764 iti
456 3730 564 3782 ρνοςνσ·

63 3766 220 3854 drendtllam
238 3779 327 3832 hostes
344 3797 398 3831 non
418 3778 489 3840 sibi,
518 3777 564 3830 scd

65 3833 147 3892 &esan
159 3845 306 3898 facultatem
320 3846 564 3918 progrediendicri-

66 3918 176 3964 luerunt:
197 3915 274 3986 atqui
298 3913 348 3968 hoc
372 3933 450 3966 seusu
472 3913 566 3966 diceu-

66 3965 114 4022 dun
128 3977 212 4032 fuisset
229 3985 253 4032 ei
263 4020 272 4043 ‚
301 3982 324 4033 si
341 3982 453 4048 scriptor
472 3999 567 4051 prono·

67 4051 113 4114 ntea
127 4044 246 4100 voluisset
262 4046 374 4100 addere·
384 4047 436 4101 sed
452 4065 504 4099 non
524 4047 567 4100 ad·

67 4100 137 4170 drdrt,
161 4113 331 4194 cuitsncultas
348 4113 507 4194 procedendi
529 4119 567 4194 ¹nit

68 4181 567 4320 {teneraetenerae

72 4303 114 4366 nt,
128 4314 189 4368 unde
204 4315 306 4368 librarii
318 4319 457 4369 oscitantia
471 4320 568 4370 lacteam

72 4369 96 4417 lli
114 4383 136 4426 tl
154 4383 257 4436 tandem
275 4389 385 4452 repetita
410 4383 502 4437 ultima
526 4385 569 4435 lit·
614 4419 616 4426 ι

76 4441 116 4492 2⁸¹⁸
131 4451 192 4502 vocis
209 4452 325 4522 praeced·-
344 4453 398 4504 sest.
417 4451 496 4507 'Aliis
513 4451 569 4521 ptos

629 3504 688 3557 cet,
714 3513 860 3566 pronomen
877 3495 1018 3555 relativum
1038 3511 1085 3566 pro
1108 3495 1154 3550 do-

630 3566 805 3617 nrunstrativo
832 3565 905 3635 poni.
936 3560 997 3632 Qun
1020 3563 1052 3634 ‹lc
1077 3584 1103 3616 rc
1130 3582 1153 3616 s.

630 3633 752 3685 Sanctius
766 3641 793 3684 ct
809 3631 927 3684 Perinon.
941 3633 968 3682 iu
987 3631 1054 3683 Min.
1067 3648 1100 3691 a,
1116 3647 1154 3682 η.

630 3709 719 3752 contra
732 3709 916 3822 qposdppgrlrnt
925 3697 1054 3753 'Clarkius
1069 3697 1103 3751 ad
1121 3699 1155 3752 G.

634 3784 669 3830 ι,
686 3787 750 3821 noe
775 3787 793 3819 a
851 3805 856 3818 .
886 3805 893 3817 .

663 3863 761 3928 gratio.
778 3858 848 3928 ¹Hoc
866 3857 925 3914 tolli
942 3855 1001 3910 vult
1023 3853 1155 3914 Clerkius.

632 3923 703 3978 Idem
726 3926 799 3978 collis
819 3943 890 3976 nnnc
907 3933 967 3986 cst,
997 3923 1068 3978 idem
1090 3921 1155 3984 ille,

633 4011 710 4112 qpppn
722 3994 816 4112 (basar
826 4000 978 4062 occuparat,
993 4000 1024 4044 nt
1035 3990 1157 4046 Clarkius

632 4077 659 4116 γι
679 4079 708 4110 r.
763 4095 770 4110 .

666 4161 743 4200 erant
759 4149 980 4216 transgredienda.
999 4146 1055 4202 Alii
1071 4159 1158 4201 wana·

633 4219 723 4268 mnda-
737 4215 792 4269 scil.
801 4215 865 4268 loca.
879 4216 948 4269 Male
959 4216 1073 4286 Scaliger
1082 4231 1158 4269 eram

634 4284 868 4353 transgrediendae.

668 4387 747 4436 abusi.
762 4383 877 4441 verbum
890 4367 1057 4457 conruptum.
1070 4383 1159 4454 Glan-
1235 4428 1240 4434 ,
1256 4432 1259 4435 .

636 4449 744 4524 dorpius
762 4454 821 4511 siin
837 4451 902 4510 vult.
920 4453 963 4508 M.
980 4453 1069 4510 Daris.
1084 4459 1159 4524 putet
1253 4482 1254 4490 κ
