2998 5320
467 425 738 494 intonsum,
1059 389 1155 524 239

1 659 2 666 ¹
100 625 160 708 ne
179 649 254 733 quo
271 647 404 734 genere
426 634 568 730 optime
592 632 634 706 C.
660 632 854 704 Caesarem
880 631 1158 728 praetextatum

1 839 2 858 χ
55 748 176 824 adhuc
201 751 411 848 accepimus
437 748 599 836 dixisse,
629 745 670 820 Si
696 759 844 836 cantus,
879 747 972 818 male
1010 757 1159 828 contusa

1 863 2 884 ¹
54 870 87 941 si
114 869 235 968 legis,
267 881 401 942 coruos.
437 865 584 966 Quintil.
614 891 647 954 1,
674 865 711 936 d.

99 1026 281 1100 Elevandi
305 1027 402 1100 natio
428 1031 485 1102 est
510 1023 671 1126 duplex,
711 1033 756 1100 ut
781 1027 846 1100 aut
872 1027 1021 1100 veniam
1047 1026 1160 1125 quis,

54 1147 119 1213 aut
145 1139 362 1214 iactantiam
388 1141 559 1218 minuat:
591 1139 929 1238 quaemadmodum
956 1141 998 1216 C.
1023 1139 1162 1213 Caesar

53 1258 260 1356 Pomponio
288 1255 497 1332 ostendenti
525 1255 662 1330 vulnus
682 1279 746 1330 ore
773 1263 972 1356 exceptum
996 1257 1035 1329 in
1062 1255 1162 1328 sedi-

54 1377 156 1449 tione
181 1375 419 1475 Sulpiciana,
444 1372 544 1470 quod
570 1371 647 1472 ipsc
672 1399 711 1448 se
737 1397 885 1474 passum
912 1393 979 1474 pro
1004 1375 1160 1446 Caesare

54 1499 282 1591 pugnantem
297 1489 547 1592 moriebatur,
564 1489 939 1588 anquomsngiena
952 1488 1163 1584 respexeris,
1182 1577 1186 1585 p

54 1609 187 1706 inquit.
215 1611 290 1683 Aut
306 1610 447 1683 crimen
465 1608 679 1694 obiectum,
705 1613 750 1682 ut
766 1608 918 1697 Cicero,
942 1611 1015 1680 etc.
1041 1604 1163 1706 Quinte

56 1720 101 1810 6,
130 1723 182 1811 3,
205 1723 270 1818 75.
375 1748 379 1758 ·

102 1885 175 1960 Est
191 1893 230 1962 et
245 1885 308 1962 illa
326 1913 373 1962 ex
390 1889 507 1963 ironia
523 1885 650 1981 fictio,
682 1912 757 1988 qua
775 1912 863 1964 usus
881 1897 937 1964 est
953 1881 994 1966 C.
1013 1891 1160 1964 Caesae.

57 1997 155 2072 Nam
182 2026 299 2100 quum
334 2005 438 2078 testis
465 2001 630 2089 diceret,
672 2029 694 2076 a
720 2029 785 2077 reo
804 1991 949 2076 ¹femina
974 2027 1042 2106 sua
1067 2001 1165 2076 ferro

59 2115 202 2212 petita,
235 2123 274 2190 et
300 2125 395 2190 esset
419 2113 535 2192 facilis
552 2117 807 2218 reprehensio,
844 2141 913 2190 cur
928 2113 1029 2192 illam
1049 2118 1167 2215 potis-

0 2291 1 2300 ,
60 2229 196 2302 simum
234 2237 376 2328 partem
410 2235 576 2332 corporis
608 2227 805 2306 vulnerare
831 2227 1034 2304 voluisset:
1073 2224 1170 2329 Quid

0 2335 1 2342 '
61 2347 156 2414 em'm
170 2343 340 2436 faceret,
368 2345 514 2444 inquit,
540 2373 649 2448 quum
668 2361 709 2419 tu
722 2347 867 2450 galeam
882 2358 917 2418 ct
934 2345 1079 2418 loricam
1096 2341 1168 2446 ho·
1232 2347 1238 2362 “

61 2456 194 2530 heres?
224 2457 373 2558 Quintil.
401 2462 449 2534 ib.
482 2485 543 2559 91.

113 2609 253 2701 Sic'tac
271 2627 480 2721 existimes,
506 2633 591 2730 post
608 2627 676 2704 has
692 2629 882 2722 miserias,
904 2627 1040 2720 idest,
1064 2632 1170 2728 post·
1192 2681 1200 2704 .

66 2766 179 2840 quam
197 2745 309 2818 armis
335 2745 530 2846 disceptari
557 2753 732 2846 coeptum
751 2753 808 2821 est
825 2748 870 2822 de
895 2747 976 2822 iure
1001 2743 1172 2846 publico,

66 2861 156 2933 nihil
183 2885 260 2936 esse
287 2869 415 2936 actum
442 2861 544 2936 aliud
569 2885 656 2936 cum
683 2862 878 2973 digpitate.
916 2863 1015 2936 Nam
1040 2861 1172 2959 etipse

2 3047 3 3059 ,
68 2975 224 3064 Caesar,
255 2976 435 3053 adcusata
460 2976 663 3051 acerbitate
688 2975 856 3070 Marcelli
874 2976 891 3075 (
909 2978 961 3052 sic
987 2975 1086 3052 enim
1111 2973 1175 3046 ad·

2 3061 5 3191 i
69 3091 266 3190 pellabat)
292 3091 515 3192 laudataque
541 3089 911 3167 honorificentissime
929 3099 968 3168 et
986 3093 1175 3190 aequitate

71 3217 138 3283 tua
163 3217 203 3284 et
227 3210 450 3310 prudentia,
491 3213 641 3309 repente
667 3217 814 3310 praeter
844 3233 946 3309 spem
980 3210 1099 3300 dixit,
1137 3232 1177 3281 se

73 3323 226 3416 Senatui
260 3325 408 3424 roganti
434 3324 480 3398 de
506 3323 708 3414 Marcello,
748 3323 998 3398 ne*hominis
1028 3321 1179 3419 quidem
1285 3404 1287 3412 Α

74 3460 206 3512 caussa
232 3443 471 3538 negaturum.
498 3439 576 3513 Cic.
597 3439 646 3513 ad
668 3437 796 3512 Famil.
823 3442 860 3528 4,
880 3441 917 3528 4.
942 3431 1080 3510 odSer.
1102 3431 1179 3509 Sul·
1242 3491 1248 3499 ,
1297 3535 1304 3546 ἱ
1362 3437 1366 3444 ’

72 3579 218 3652 dmum·
1208 3577 1212 3586 '

105 3689 184 3741 asto
200 3689 332 3743 Victorius
360 3690 457 3748 edidit,
487 3707 592 3759 eumque
613 3704 709 3746 scottus
731 3692 889 3756 Lambdms,
916 3693 956 3746 αιί
974 3667 1064 3741 tannen
1084 3685 1181 3743 ominis

3 3781 5 3832 ξ
141 3767 278 3838 Quadam
294 3769 400 3820 videtur.
417 3769 504 3838 Ipsum
520 3771 583 3822 vide.
786 3761 791 3770 ’

3 3881 7 4040 i
128 3930 321 4006 Demetrio
335 3932 466 4030 Megue
483 3928 610 4006 Siculo
627 3906 819 4006 liolabella
833 3934 969 4030 rogatu
989 3951 1073 4002 mco
1090 3928 1184 4002 civi·

3 4041 5 4114 ἱ
81 4047 198 4116 tatem
225 4069 247 4117 a
272 4045 427 4118 Caesare
454 4046 673 4144 inpetravit:
715 4069 788 4140 qua
813 4045 851 4116 in
868 4069 908 4116 ne
934 4065 1002 4142 ego
1021 4042 1183 4116 interfui.

3 4131 5 4266 ξ
83 4156 214 4254 ltaque
240 4181 339 4232 nunc
365 4161 406 4233 P.
432 4157 625 4234 Cornelius
659 4163 831 4232 vocatur.
873 4161 1072 4254 Quumque
1097 4179 1186 4256 pro-
1213 4153 1217 4162 ’

3 4271 4 4312 ³
85 4280 168 4371 pteu
192 4275 373 4374 quosdam
406 4273 571 4348 sordidos
598 4275 797 4364 homines,
837 4277 900 4372 qui
932 4275 1096 4348 Caesaris
1121 4276 1189 4346 be-

88 4387 477 4477 neficiavvendebanh
516 4387 710 4484 tabulam,
747 4387 886 4489 inqua
919 4389 1069 4465 nomina
1094 4387 1190 4464 cini·
