2998 5320
446 413 723 474 animatore
1035 382 1129 477 235

47 614 106 688 rite
128 616 171 686 et
196 609 389 686 facundiae
414 613 709 710 Latinarumque
737 611 949 686 litterarum
973 635 1132 712 parens:

49 735 144 826 atque
164 728 182 826 (
199 734 242 802 ut
266 729 439 802 Dictator
462 729 600 802 Caesar
624 729 742 802 hostis
767 728 955 827 quondam
979 735 1069 818 tuos
1096 738 1134 805 te

47 844 264 943 descripsit)
290 844 460 920 omnium
492 833 773 944 triomphorum
805 844 971 922 lauream
1002 847 1134 947 adepte

47 960 234 1047 maiorem,
258 956 499 1056 quantoplus
524 963 583 1032 est
606 959 744 1060 ingenii
767 945 925 1032 Romani
952 962 1131 1033 terminos

48 1073 246 1157 intantum
270 1077 527 1176 promovisse,
552 1099 667 1174 qoam
691 1077 849 1175 imperii.
880 1075 978 1150 Plio.
1002 1097 1047 1171 7,
1073 1077 1135 1153 30.

87 1253 214 1328 Cicero
243 1237 458 1330 caussarum
484 1259 604 1333 HIL:
630 1259 685 1332 Re
715 1257 854 1334 vendita
877 1260 1005 1332 iterum
1029 1271 1137 1332 anta.

48 1370 132 1449 ande
158 1371 397 1445 manifestum
415 1371 458 1446 fit
481 1377 597 1456 venito
622 1397 697 1448 oon
720 1373 812 1460 diei,
842 1371 904 1446 ord
922 1379 988 1448 aot
1005 1399 1139 1448 venun·

49 1482 143 1573 dala,
181 1489 249 1558 aot
273 1485 438 1570 vendito,
478 1491 524 1560 ut
556 1486 698 1560 Cicero.
724 1487 766 1560 C.
792 1486 952 1560 caesar:
987 1487 1139 1562 Passa-

49 1604 147 1674 o'ooes
184 1600 315 1678 rodoini
324 1656 337 1686 ,
380 1627 443 1680 eos
478 1613 604 1699 posteo
630 1603 748 1700 ploro
780 1602 950 1680 venditae
994 1601 1140 1680 Dione·

49 1712 98 1786 des
120 1712 181 1786 lib.
212 1740 244 1788 1.
269 1716 336 1790 col,
355 1715 450 1806 366.
587 1815 590 1822 Ι

90 1881 255 1972 Esseda,
296 1881 458 1958 vehiculi
491 1881 554 1958 vel
587 1907 717 1958 currus
750 1908 892 1984 genus,
934 1907 1008 1982 quo
1043 1881 1142 1958 soliti

53 2000 128 2066 sunt
160 1989 328 2095 pugnare
364 1995 474 2070 Galli.
512 1997 647 2072 Caesar
671 2001 776 2070 testis
801 2005 856 2070 esi
887 1996 982 2068 libro
1007 1995 1053 2068 ad
1079 1995 1144 2068 Ci-

52 2129 214 2180 ceronem
249 2111 339 2182 lll.:
381 2111 499 2184 Multo
531 2113 631 2183 milia
664 2113 822 2212 equitum
858 2123 962 2208 otqrae
1001 2109 1144 2182 esseda-

53 2227 176 2297 riorum
193 2223 310 2300 habet.
349 2227 446 2302 Hinc
465 2231 504 2299 et
521 2225 742 2326 gladiatores
761 2223 929 2298 essedarii
947 2223 1144 2312 dicuntur,

54 2337 106 2432 qui
137 2363 253 2412 curru
290 2347 451 2436 certant,
492 2339 620 2414 Ionius
659 2339 904 2443 Philargyrus
940 2341 979 2436 in
1012 2336 1144 2436 Georg.

58 2447 149 2550 Virg.
174 2453 225 2537 3,
253 2457 340 2544 204.

96 2617 287 2718 Augustus
326 2645 474 2720 quoque
512 2623 551 2698 in
589 2619 754 2720 epistolio
792 2619 840 2696 ad
878 2623 920 2698 C.
951 2620 1145 2694 Caesarem

54 2733 191 2831 scriptis
208 2735 403 2822 emendat,
421 2736 519 2836 quod
534 2739 566 2810 is
579 2737 734 2812 eolidwn
747 2735 867 2810 dicere
881 2759 992 2833 quam
1007 2735 1148 2808 caldum

59 2847 113 2942 (in
136 2850 239 2922 libris
249 2849 356 2943 fhrte
378 2852 424 2926 de
447 2852 657 2952 Analogia)
684 2851 813 2928 malit:
845 2877 919 2926 non
946 2853 1030 2950 quia
1056 2851 1148 2925 illud

58 2983 120 3031 non
144 2963 196 3038 sit
219 2964 418 3058 Latinum,
442 2965 507 3044 sed
532 2968 620 3072 quia
636 2968 685 3040 sit
702 2967 890 3051 odiosum,
918 2972 977 3056 et,
1002 2974 1045 3038 ot
1070 2967 1148 3065 ipse

58 3071 193 3149 Graeco
220 3078 336 3151 verbo
361 3079 610 3180 significavit,
636 3083 788 3176 περίεςγον.
814 3079 962 3182 Quintil.
983 3105 1019 3169 r,
1035 3078 1071 3167 6,
1094 3101 1149 3174 ¹9·

177 3215 310 3276 odiorum,
327 3217 390 3288 quia
406 3217 590 3276 adfectationis
601 3235 656 3272 esse
667 3217 818 3292 putabatur.

331 3427 367 3488 C.
388 3427 496 3496 IVLII
514 3425 710 3490 CAESARIS
731 3427 869 3488 DICTA.

102 3576 179 3668 Tu,
197 3601 355 3676 quaeso,
370 3577 549 3675 quidquid
563 3579 651 3650 novi
667 3576 802 3676 (molta
818 3581 943 3650 autem
959 3577 1149 3676 exspecto)
1216 3625 1218 3632 .

61 3692 209 3765 scribere
227 3718 273 3767 ne
290 3694 443 3792 pigrere.
469 3693 513 3768 In
533 3693 608 3784 his,
634 3693 679 3766 de
697 3695 809 3767 Sexto
823 3693 957 3766 satisne
978 3693 1151 3766 certum?

62 3806 215 3878 maxime
248 3811 375 3882 autem
409 3806 453 3880 de
486 3807 605 3884 Bruto
635 3814 784 3880 nostro:
831 3806 876 3880 de
901 3829 977 3905 quo
1002 3806 1152 3904 quidem

61 3911 138 4004 ille,
180 3916 228 3988 ad
254 3940 364 4014 qoem
395 3919 558 4005 diverti,
600 3921 794 3995 Caesarem
827 3919 976 3996 solitum
1004 3921 1151 3994 dicere:

63 4024 186 4126 Magna·
215 4029 348 4124 refert,
385 4031 446 4106 io'o
483 4035 572 4133 quid
607 4037 713 4128 velim
749 4035 814 4110 sed
848 4034 1022 4134 quidquid
1058 4035 1152 4122 volt,

62 4141 151 4214 valde
185 4145 266 4218 volt.
300 4143 411 4242 idque
444 4154 530 4220 eu'm
565 4149 892 4238 animadvertisse,
935 4171 1049 4245 quom
1086 4171 1153 4246 pro

63 4251 229 4332 Deiotaro
253 4258 568 4352 Niceae'dixerit,
603 4263 711 4340 valde
737 4265 976 4340 vehementer
991 4267 1153 4342 eomvi-

67 4387 140 4440 rum
164 4377 202 4444 et
225 4370 339 4466 libere
365 4374 500 4451 dicere.
525 4378 602 4452 Cio.
623 4378 673 4452 od
694 4377 806 4454 Attio.
836 4385 901 4468 14,
933 4403 965 4454 1.
