2998 5320
433 377 703 444 sssonanrn.
1026 345 1121 440 213

53 587 195 672 inerunt,
226 603 352 680 neque
385 580 584 656 victoriam
619 577 758 655 diutius
791 585 941 664 tenere,
980 587 1127 678 praeter

52 725 142 774 unum
166 701 206 770 L.
232 697 396 788 Sullam,
421 721 532 794 quern
558 695 773 770 imitaturus
798 718 873 766 non
889 715 985 782 sum.
1022 697 1126 772 Haeo

51 841 127 890 nom
142 817 187 888 sit
204 817 299 891 ratio
315 814 508 899 vincendi;
535 817 578 886 ut
590 811 893 888 misericordiaet
906 809 1128 892 liberalitate

16 1028 19 1037 Ι
51 959 100 1006 nos
122 934 339 1010 muniamus.
379 931 422 1004 ld
448 926 762 1028 quemadmodum
789 927 868 1004 fieri
893 929 1029 1027 possit,
1053 955 1130 1006 non

15 1040 129 1163 prolia
159 1050 249 1126 mihi
283 1049 322 1122 in
355 1052 520 1125 ruentem
553 1044 735 1134 veniunt,
770 1051 809 1124 et
834 1045 954 1124 multa
979 1047 1130 1145 reperiri

15 1181 29 1296 p,
50 1171 187 1260 possunt.
240 1165 294 1236 De
321 1162 377 1236 his
402 1160 534 1247 rebus,
558 1181 652 1258 rogo
678 1181 767 1248 vos,
795 1165 840 1234 ut
863 1161 1132 1260 cogitationem

15 1297 17 1330 ν
50 1277 244 1374 suscipiatis.
296 1277 364 1348 Cn.
390 1275 583 1374 Magium,
604 1273 769 1372 Pompeii
788 1273 1057 1368 Praefectum,
1071 1273 1133 1346 de·

50 1388 221 1485 prehendi;
262 1389 406 1462 scilicet
442 1411 526 1460 meo
557 1387 730 1462 instituto
758 1411 845 1462 usus
871 1412 954 1460 sum
981 1393 1020 1461 et
1045 1411 1133 1460 eum

50 1504 152 1574 statim
168 1504 324 1576 missurn
343 1503 425 1576 ieci.
465 1498 545 1575 Iam
563 1501 637 1574 duo
654 1499 838 1578 Praefecti
858 1501 1006 1575 fabrum
1024 1501 1134 1573 Pom·

50 1619 102 1715 peii
129 1621 165 1692 in
198 1645 322 1694 meam
358 1623 582 1718 potestatem
617 1625 802 1692 venerunt
836 1623 922 1716 eta
947 1641 1007 1690 me
1033 1619 1135 1692 missi

15 1727 19 1827 Ι
50 1739 125 1804 sunt.
149 1734 188 1806 Si
207 1733 338 1806 volent
355 1735 452 1832 grati
471 1757 567 1820 esse,
594 1731 783 1808 debebunt
807 1701 1026 1864 Pompeium
1045 1731 1136 1807 hor·
1220 1718 1223 1729 ¹

49 1847 122 1933 tari,
147 1854 188 1919 ut
206 1847 313 1920 rnalrt
331 1847 422 1924 mlhl
440 1871 516 1919 esse
536 1848 701 1936 amicus,
725 1871 838 1945 quam
855 1871 919 1936 ns
945 1846 1008 1942 qui
1027 1851 1064 1917 et
1081 1843 1136 1917 rllr

50 1959 176 2032 etmihi
198 1985 343 2059 semper
369 1961 554 2036 fuerunt
545 1962 807 2034 inimicissimi:
835 1983 995 2059 quorum
1021 1957 1136 2034 artifi-

49 2075 99 2145 ciis
111 2073 283 2150 effectum
297 2083 368 2167 est,
393 2083 437 2150 ut
454 2077 619 2175 Besp.1u
637 2075 896 2151 honestatum
914 2077 1136 2175 perveniret.

49 2187 95 2257 Ex
117 2189 189 2263 Cio.
216 2189 266 2263 od
288 2189 398 2269 Arn'c
425 2215 466 2290 9,
493 2192 528 2264 8.

100 2339 249 2469 eligor,
241 2339 723 2414 alnoququeh
718 2338 1138 2438 κὶῆαικριΙΕιῆρνκῆναιάῦΙ

75 2433 156 2484 r·17
292 2461 294 2473 v

15 2534 19 2593 1

16 2668 17 2710 p
298 2615 436 2676 CAESAR
452 2615 557 2676 OPPIO
574 2617 622 2672 ET
639 2614 819 2674 CORNELIO
835 2614 863 2670 S.

88 2750 126 2821 Α.
151 2753 198 2823 D.
218 2753 299 2825 vll.
317 2753 372 2826 ld.
390 2755 504 2830 Mart.
521 2756 773 2832 Brundusium
791 2755 899 2827 veni:
922 2751 968 2826 ad
987 2777 1140 2854 murum
1251 2733 1253 2744 ⁵

16 2954 20 2967 Ι
49 2875 154 2940 castra
180 2870 300 2967 posui.
342 2873 539 2972 Pompeius
564 2879 621 2946 est
646 2871 863 2946 Brundusii:
895 2871 996 2945 misit
1014 2871 1060 2944 ad
1079 2897 1157 2946 nra

16 3011 17 3097 p
49 2979 103 3052 Cn.
127 2983 295 3078 Magium
315 2983 360 3060 de
385 3013 489 3087 pace.
508 2972 612 3080 Quae
631 2990 710 3063 visa
728 2993 835 3078 sunt,
853 2985 1034 3086 respondi.
1057 2987 1140 3060 Hoc

15 3115 19 3212 p
48 3121 104 3170 vos
128 3105 261 3174 statim
286 3105 379 3178 scire
406 3104 521 3178 volui.
572 3107 698 3200 Quum
724 3106 763 3178 in
790 3129 892 3203 spem
912 3128 1068 3192 venero,
1095 3103 1142 3176 de

15 3215 16 3246 ¹
49 3218 303 3315 compositione
330 3219 465 3316 aliquid
492 3245 551 3294 me
578 3221 780 3310 conficere,
813 3222 942 3294 statim
968 3242 1035 3293 vos
1062 3243 1141 3292 cer·

48 3331 146 3408 liores
172 3335 322 3409 faciam.
372 3337 433 3408 Es
460 3337 534 3420 Cir.
559 3338 609 3410 ud
632 3337 897 3430 Atuo.9,13.

102 3487 188 3541 Habet
205 3495 232 3539 et
249 3486 341 3544 Celsus
358 3505 386 3560 p.
406 3491 460 3542 roo.
571 3472 575 3486 ,
706 3533 708 3540 r

89 3685 140 3756 De
159 3687 316 3786 Caesare
334 3684 480 3786 fugerat
494 3711 554 3764 me
568 3688 615 3760 ad
627 3695 665 3762 te
680 3687 852 3762 seribere.
892 3683 1011 3764 Video
1024 3670 1142 3773 enirn,
1161 3708 1164 3716 ‘

14 3823 16 3840 ¹
49 3822 128 3893 quas
144 3808 187 3874 tu
206 3800 349 3880 litteras
363 3804 612 3900 exspectaris.
664 3803 735 3876 Sed
754 3803 814 3876 ille
832 3802 978 3901 scripsit
996 3800 1042 3874 ad
1060 3799 1144 3872 Bal·

48 3916 149 4002 bum,
184 3916 402 4016 fasciculum
428 3916 534 3990 illum
560 3917 820 4016 epistolarum,
854 3921 893 3993 in
920 3942 994 4015 quo
1021 3917 1145 4009 fuerat

14 4065 16 4132 p
50 4033 81 4100 et
105 4055 204 4118 mea,
230 4037 269 4104 et
294 4009 418 4120 Balbi,
445 4036 568 4105 totum
597 4032 665 4104 sibi
692 4057 788 4128 aqua
814 4031 1005 4106 madidum
1024 4028 1144 4102 reddi

14 4144 123 4212 turn
150 4167 246 4216 esse·
286 4152 329 4216 ut
354 4168 400 4215 ne
425 4128 515 4216 illud
542 4145 692 4240 quidem
727 4147 844 4235 sciat,
875 4169 999 4221 meam
1035 4144 1145 4216 fuisse

52 4251 202 4350 aliquam
222 4256 426 4354 epistolam.
443 4257 514 4330 Sed
534 4283 579 4330 ex
597 4259 702 4332 Balbi
718 4260 873 4358 epistola
893 4285 1011 4358 pauca
1029 4257 1145 4332 verba

14 4363 296 4458 intellexerat,
321 4371 367 4442 ad
394 4395 488 4466 quae
515 4374 700 4471 rescripsit
726 4372 781 4446 his
809 4373 954 4446 verbis:
977 4371 1033 4488 De
1051 4373 1147 4447 Croc-
