3030 5318
338 363 399 458 82
523 386 824 476 ninantur
859 387 993 450 uuum
1029 385 1256 456 trasenna.

336 601 441 672 vium
457 619 638 684 errorem,
664 593 948 692 equitatumque
965 593 1003 664 in
1017 589 1176 677 navibus
1191 609 1341 662 omnem
1355 613 1445 662 cuna

335 717 471 806 tinere,
502 719 544 786 ut
569 713 750 793 arbitror,
778 733 823 782 ne
851 711 929 808 agri
956 714 1214 794 uastarentur;
1240 727 1375 801 aquam
1400 707 1440 778 in

335 851 449 900 naves
466 827 571 900 iubet
589 807 830 922 comportari.
870 823 1041 922 Remiges
1059 821 1229 906 interim,
1249 819 1313 916 qui
1331 841 1444 914 aqna·

336 946 419 1014 tum
434 965 454 1013 e
467 939 623 1013 nauibus
640 940 826 1026 exierant,
850 937 975 1010 subito
991 937 1137 1036 equites
1163 935 1306 1020 Mauri,
1324 955 1447 1027 neque

337 1055 574 1155 opinantibus
599 1053 846 1140 Caesarianis,
872 1053 1014 1138 adorti,
1040 1049 1179 1134 multos
1209 1047 1339 1122 iaculis
1357 1072 1445 1118 cun·

336 1155 652 1257 uulnerauerunt,
677 1165 874 1248 nonnullos
895 1165 1183 1251 interfecerunt3
1209 1160 1329 1234 latent
1346 1161 1446 1233 enim

336 1282 377 1358 in
402 1281 540 1354 insidiis
566 1305 654 1354 cum
681 1282 784 1378 equis
809 1281 905 1354 inter
931 1279 1120 1362 convalles
1140 1269 1180 1350 et
1201 1275 1327 1348 subito
1353 1273 1448 1348 exsi-

337 1405 462 1489 stunt,
488 1422 561 1470 non
581 1399 678 1472 utin
697 1419 829 1496 campo
855 1399 1065 1486 comminus
1092 1393 1319 1494 depugnent.

341 1603 344 1612 Ι
363 1549 366 1558 Α
388 1510 424 1586 8.
451 1513 586 1586 Caesar
598 1513 757 1587 ,interim
775 1513 813 1584 in
839 1510 1049 1595 Sardiniam
1067 1509 1222 1588 nuncios
1240 1530 1328 1578 cnm
1345 1504 1447 1578 litte·

337 1625 388 1699 ris
405 1626 497 1700 etin
516 1623 674 1722 reliquas
700 1625 921 1724 provincia.
936 1625 1126 1696 finitumae
1151 1621 1307 1709 dimisit,
1321 1626 1364 1692 ut
1377 1619 1447 1692 sibi

254 1797 257 1816 ,
339 1741 494 1824 auxilia,
522 1745 774 1828 commeatus,
796 1740 1048 1840 tinnimentum,
1075 1737 1185 1810 simut
1211 1743 1324 1834 atque
1347 1735 1448 1808 litte·

339 1878 401 1926 ras
418 1853 609 1954 legissent,
635 1853 819 1937 mittenda
844 1860 1036 1940 curarent3
1061 1853 1341 1948 exoneratisque
1366 1873 1448 1950 par·

339 1975 409 2046 tim
428 1970 584 2044 navibus
606 1971 739 2077 torigia,
768 1972 964 2045 Rabirium
989 1972 1264 2044 Postumumin
1281 1957 1447 2042 Sieiliam

340 2088 388 2160 ad
403 2087 606 2162 secundum
621 2095 877 2162 uommeatum
903 2086 1162 2160 arcessendum
1181 2087 1312 2160 mittit.
1349 2088 1448 2158 Inte·

340 2201 413 2274 rim
425 2223 514 2273 cum
528 2200 658 2274 decem
685 2203 839 2274 navibus
856 2201 975 2301 longis
989 2201 1035 2272 ad
1054 2201 1213 2298 reliquas
1231 2186 1342 2272 naves
1361 2223 1448 2271 one-

253 2386 256 2395 .
341 2319 457 2392 retias
473 2317 761 2414 conquirendas,
787 2341 882 2415 qnae
901 2318 1150 2408 deerrasseut,
1167 2323 1206 2390 et
1220 2315 1330 2390 simui
1345 2340 1447 2388 mare

342 2432 525 2522 tuendum
543 2433 774 2506 ab‘hustihus
790 2435 894 2508 iubet
912 2435 1105 2533 proticisci.
1158 2437 1253 2508 Item
1274 2435 1316 2508 C.
1330 2432 1451 2507 Saltu·

241 2547 244 2552 ’
279 2556 281 2562 ’
338 2553 453 2626 stium
477 2551 648 2649 Crispum
674 2551 890 2624 Praetorem
903 2551 950 2624 ad
968 2543 1164 2626 Cercinam·
1180 2551 1339 2624 insulam
1359 2575 1449 2624 ver·

285 2737 288 2744 .
341 2689 423 2754 sus,
449 2689 560 2760 quam
588 2665 786 2738 adversarii
812 2665 1012 2752 tenebant,
1046 2689 1135 2737 cum
1159 2671 1265 2763 parte
1291 2666 1448 2743 navium

340 2779 395 2851 ire
413 2778 533 2866 iubet,
560 2776 730 2873 quodibi
748 2801 926 2876 magnum
948 2801 1145 2850 numerum
1172 2769 1347 2852 frumenti
1370 2802 1450 2854 esse

274 2925 277 2930 ·
342 2891 535 2968 audiebat.
566 2891 668 2964 Haec
688 2894 742 2964 ita
760 2893 990 2991 imperabat,
1013 2897 1067 2966 ita
1087 2895 1286 2990 uuicuique
1310 2893 1453 2991 praeci·

341 3007 487 3106 piebat,
505 3011 576 3094 uti,
584 3001 677 3102 fieri
687 3021 807 3104 posset
823 3033 888 3082 neo
905 3033 969 3092 ne,
984 2993 1100 3080 locum
1112 3013 1296 3081 excusatio
1309 3009 1454 3082 ,mltum

276 3171 277 3177 κ
342 3121 505 3218 induet,-
521 3139 738 3214 mentorum
755 3127 1010 3232 tergiversatio.
1038 3125 1117 3224 lpse
1132 3097 1294 3218 inierea,
1308 3149 1356 3198 ex
1368 3149 1455 3224 per·

920 3419 1031 3481 'putant
1041 3428 1137 3466 nomeu
1149 3409 1281 3472 hominis,
1299 3431 1378 3484 quem
1389 3411 1457 3466 Cat-

931 3497 972 3531 sar
996 3479 1075 3549 iussit
1100 3479 1237 3548 proticisci.
1262 3480 1305 3532 M.
1330 3481 1458 3534 Hominis

931 3563 1050 3609 nomen,
1094 3542 1146 3597 uod
1163 3545 1329 3616 praecedenti
1345 3547 1455 3600 Rabirio

932 3621 1023 3683 etseq.
1041 3564 1169 3676 Sadlustio
1187 3612 1351 3684 respoudeat.
1365 3615 1457 3666 forsan

932 3679 1021 3733 aderat
1037 3681 1188 3744 Vatinium,
1210 3680 1313 3750 dequo
1330 3681 1363 3732 A.
1382 3690 1424 3746 44.

964 3772 1002 3820 ita
1018 3773 1127 3838 unicuiq.
1144 3768 1200 3830 Atii
1220 3775 1316 3850 itaque.
1384 3815 1386 3822 .

378 3409 516 3462 continere.
534 3408 590 3480 spil.
607 3409 703 3477 eoepit.
730 3407 787 3461 Alii
802 3427 865 3461 eon-

346 3481 431 3530 tineri.
450 3477 503 3531 sed
519 3495 545 3528 v.
563 3485 590 3528 et
606 3495 628 3526 e.
647 3482 688 3528 25.

377 3573 511 3620 exsistunt.
529 3567 653 3636 Reliquae
664 3567 805 3635 lectiones,
821 3587 866 3619 ex-

345 3635 454 3693 siliunt,
483 3647 575 3685 exeuut
587 3671 596 3695 ,
624 3641 688 3686 suut
712 3635 866 3704 interpreta-

344 3709 442 3754 menta.
461 3701 503 3752 M.
520 3701 624 3770 Optimi
637 3700 713 3753 codd.
731 3715 864 3752 enarrarunt.

344 3769 362 3820 i.
381 3788 404 3819 e.
424 3779 581 3836 comparent.
605 3767 638 3819 V.
663 3767 721 3820 lud.
749 3769 865 3825 Iurinius

343 3834 409 3887 velit
425 3839 552 3886 exsistunt
569 3838 628 3885 novi
644 3845 676 3886 et.

376 3931 429 3964 non
456 3925 485 3964 ut
502 3941 534 3951 -
550 3914 696 3983 depugnent.
728 3911 862 3984 Lagarim:
881 3954 883 3958 .

344 3999 413 4042 non,
431 3993 459 4030 ut
475 3985 502 4030 in
518 3997 604 4048 cumpo
623 3985 671 4045 (ut
688 3979 743 4031 fieri
760 3980 825 4033 solet
836 3984 865 4032 iu

317 4109 319 4114 ,
344 4046 458 4164 planicie
468 4051 491 4110 )‚
508 4051 644 4098 comminus
660 4048 811 4116 depugnant.
823 4049 864 4099 M.

365 4131 430 4171 ene,
459 4114 544 4166 credo.
573 4114 642 4166 Nam
665 4117 750 4166 se'rmn
773 4124 813 4166 est
833 4114 865 4166 de

344 4198 417 4230 more
434 4182 553 4250 equitum
570 4181 719 4234 Maurorum
731 4190 865 4232 consueto.

270 4266 271 4275 ¹
379 4259 477 4306 secund.
493 4261 665 4310 commeatum.
683 4277 708 4309 v.
726 4257 786 4310 lnd.
804 4260 842 4308 M.

380 4333 487 4385 Interim
499 4355 552 4386 num
563 4332 647 4386 decem
664 4357 722 4388 nov.
740 4337 771 4390 Iu
785 4337 865 4391 verbo

346 4403 448 4452 interim
464 4401 586 4458 Davisius
604 4411 630 4459 tt
649 4403 772 4459 curtius
784 4404 865 4460 latere

964 3877 1018 3934 uti,
1029 3871 1096 3943 fieri
1120 3902 1152 3912 —
1169 3873 1280 3926 haberet.
1307 3875 1367 3945 Lag.
1392 3897 1457 3930 cum

931 3937 1040 3991 Davisio
1058 3949 1084 3992 et
1112 3939 1217 3992 Clarkio
1234 3961 1248 3993 a
1265 3943 1322 3994 cod.
1350 3941 1458 4012 Regio:

931 4019 975 4065 ut,
992 4011 1014 4057 si
1023 4005 1091 4076 fieri
1104 4020 1205 4076 posset,
1224 4027 1255 4060 ne
1274 4011 1372 4073 (immo
1390 4016 1458 4076 nee)

931 4073 1012 4124 huam
1029 4079 1157 4128 excusatio
1175 4075 1387 4130 attumabant
1412 4108 1457 4130 -.

931 4141 974 4192 M.
1005 4140 1183 4195 Consentiunt
1211 4151 1239 4194 et
1260 4141 1306 4194 alii
1330 4144 1406 4198 codd.
1428 4155 1459 4198 et

878 4253 880 4258 .
931 4206 992 4258 edd.
1015 4216 1089 4268 vett„
1111 4219 1140 4259 ut
1157 4211 1266 4262 omnino
1291 4211 1395 4264 credam
1418 4214 1459 4264 ita

931 4271 1077 4341 legendum.
1087 4273 1196 4344 Quaerit
1208 4285 1294 4328 tamen
1305 4275 1375 4330 Oud.
1387 4279 1459 4348 quid

933 4348 993 4392 tum
1009 4341 1137 4410 singulare
1150 4342 1194 4398 hic
1210 4344 1239 4397 iu
1256 4344 1364 4398 Caesare
1380 4355 1459 4399 note

932 4405 995 4460 tur?
1014 4406 1055 4462 Cf.
1074 4428 1095 4462 c.
1113 4411 1154 4462 26.
