<?xml version="1.0" encoding="UTF-8"?>
<!DOCTYPE html PUBLIC "-//W3C//DTD XHTML 1.0 Transitional//EN"
    "http://www.w3.org/TR/xhtml1/DTD/xhtml1-transitional.dtd">
<html xmlns="http://www.w3.org/1999/xhtml" xml:lang="en" lang="en">
 <head>
  <title>
</title>
<meta http-equiv="Content-Type" content="text/html;charset=utf-8" />
  <meta name='ocr-system' content='tesseract 3.04.00' />
  <meta name='ocr-capabilities' content='ocr_page ocr_carea ocr_par ocr_line ocrx_word'/>
</head>
<body>
  <div class='ocr_page' id='page_1' title='image "./ciuliicaesarisc00hirtgoog_0202.png"; bbox 0 0 2998 5320; ppageno 0'>
   <div class='ocr_carea' id='block_1_1' title="bbox 390 355 1300 489">
    <p class='ocr_par' dir='ltr' id='par_1_1' title="bbox 390 355 1300 489">
     <span class='ocr_line' id='line_1_1' title="bbox 390 355 1300 489; baseline -0.001 -41"><span class='ocrx_word' id='word_1_1' title='bbox 390 355 477 482; x_wconf 75' lang='lat'><strong>196</strong></span> <span class='ocrx_word' id='word_1_2' title='bbox 680 387 736 446; x_wconf 81' lang='lat' dir='ltr'><strong>nu</strong></span> <span class='ocrx_word' id='word_1_3' title='bbox 770 389 903 447; x_wconf 80' lang='lat' dir='ltr'><strong>nunno</strong></span> <span class='ocrx_word' id='word_1_4' title='bbox 938 386 1201 489; x_wconf 76' lang='lat' dir='ltr'><strong>nrsrnnunnu</strong></span> <span class='ocrx_word' id='word_1_5' title='bbox 1298 405 1300 410; x_wconf 96' lang='lat'>·</span> 
     </span>
    </p>
   </div>
   <div class='ocr_carea' id='block_1_2' title="bbox 274 587 1486 3787">
    <p class='ocr_par' dir='ltr' id='par_1_2' title="bbox 356 587 1486 1594">
     <span class='ocr_line' id='line_1_2' title="bbox 380 587 1472 688; baseline 0.005 -26"><span class='ocrx_word' id='word_1_6' title='bbox 380 615 459 688; x_wconf 86' lang='lat' dir='ltr'><strong>quo·</strong></span> <span class='ocrx_word' id='word_1_7' title='bbox 474 588 612 688; x_wconf 86' lang='lat' dir='ltr'><strong>proelio</strong></span> <span class='ocrx_word' id='word_1_8' title='bbox 639 589 854 662; x_wconf 85' lang='lat' dir='ltr'><strong>ceciderunt</strong></span> <span class='ocrx_word' id='word_1_9' title='bbox 880 588 980 665; x_wconf 88' lang='lat' dir='ltr'><strong>milia</strong></span> <span class='ocrx_word' id='word_1_10' title='bbox 1005 587 1197 662; x_wconf 86' lang='lat' dir='ltr'><strong>hominurn</strong></span> <span class='ocrx_word' id='word_1_11' title='bbox 1217 589 1362 662; x_wconf 76' lang='lat' dir='ltr'><strong>circiter</strong></span> <span class='ocrx_word' id='word_1_12' title='bbox 1376 595 1472 668; x_wconf 81' lang='lat' dir='ltr'><strong>XXX</strong></span> 
     </span>
     <span class='ocr_line' id='line_1_3' title="bbox 381 703 1475 800; baseline 0.003 -25"><span class='ocrx_word' id='word_1_13' title='bbox 381 711 419 775; x_wconf 89' lang='lat' dir='ltr'><strong>et</strong></span> <span class='ocrx_word' id='word_1_14' title='bbox 437 705 465 774; x_wconf 90' lang='lat' dir='ltr'><strong>si</strong></span> <span class='ocrx_word' id='word_1_15' title='bbox 484 703 572 799; x_wconf 91' lang='lat' dir='ltr'><strong>quid</strong></span> <span class='ocrx_word' id='word_1_16' title='bbox 587 703 762 800; x_wconf 86' lang='lat' dir='ltr'><strong>amplius:</strong></span> <span class='ocrx_word' id='word_1_17' title='bbox 784 710 973 800; x_wconf 84' lang='lat' dir='ltr'><strong>praeterea</strong></span> <span class='ocrx_word' id='word_1_18' title='bbox 991 705 1190 793; x_wconf 82' lang='lat' dir='ltr'><strong>Labienus,</strong></span> <span class='ocrx_word' id='word_1_19' title='bbox 1205 705 1332 779; x_wconf 86' lang='lat' dir='ltr'><strong>Attius</strong></span> <span class='ocrx_word' id='word_1_20' title='bbox 1348 708 1475 796; x_wconf 81' lang='lat' dir='ltr'>Varus,</span> 
     </span>
     <span class='ocr_line' id='line_1_4' title="bbox 380 793 1470 920; baseline 0.004 -28"><span class='ocrx_word' id='word_1_21' title='bbox 380 821 514 916; x_wconf 93' lang='lat' dir='ltr'><strong>quibus</strong></span> <span class='ocrx_word' id='word_1_22' title='bbox 541 821 671 894; x_wconf 88' lang='lat' dir='ltr'><strong>occisis</strong></span> <span class='ocrx_word' id='word_1_23' title='bbox 696 821 864 916; x_wconf 87' lang='lat' dir='ltr'><strong>utrisque</strong></span> <span class='ocrx_word' id='word_1_24' title='bbox 891 819 1000 894; x_wconf 85' lang='lat' dir='ltr'><strong>funos</strong></span> <span class='ocrx_word' id='word_1_25' title='bbox 1027 793 1083 894; x_wconf 72' lang='lat' dir='ltr'><strong>ebt</strong></span> <span class='ocrx_word' id='word_1_26' title='bbox 1116 821 1277 894; x_wconf 80' lang='lat' dir='ltr'><strong>tactum:</strong></span> <span class='ocrx_word' id='word_1_27' title='bbox 1319 824 1470 920; x_wconf 79' lang='lat' dir='ltr'><strong>itemque</strong></span> 
     </span>
     <span class='ocr_line' id='line_1_5' title="bbox 367 929 1475 1037; baseline 0.002 -31"><span class='ocrx_word' id='word_1_28' title='bbox 367 929 523 1030; x_wconf 79' lang='lat' dir='ltr'><strong>¹equites</strong></span> <span class='ocrx_word' id='word_1_29' title='bbox 549 935 734 1022; x_wconf 88' lang='lat' dir='ltr'><strong>Romani,</strong></span> <span class='ocrx_word' id='word_1_30' title='bbox 759 935 895 1031; x_wconf 80' lang='lat' dir='ltr'><strong>partim</strong></span> <span class='ocrx_word' id='word_1_31' title='bbox 922 958 968 1005; x_wconf 85' lang='lat' dir='ltr'><strong>ex</strong></span> <span class='ocrx_word' id='word_1_32' title='bbox 991 934 1114 1037; x_wconf 70' lang='lat' dir='ltr'><strong>urbe,</strong></span> <span class='ocrx_word' id='word_1_33' title='bbox 1149 935 1285 1032; x_wconf 91' lang='lat' dir='ltr'><strong>partim</strong></span> <span class='ocrx_word' id='word_1_34' title='bbox 1320 961 1367 1008; x_wconf 86' lang='lat' dir='ltr'><strong>ex</strong></span> <span class='ocrx_word' id='word_1_35' title='bbox 1399 959 1475 1033; x_wconf 90' lang='lat' dir='ltr'><strong>pro-</strong></span> 
     </span>
     <span class='ocr_line' id='line_1_6' title="bbox 378 1047 1486 1136; baseline 0 -18"><span class='ocrx_word' id='word_1_36' title='bbox 378 1051 521 1136; x_wconf 85' lang='lat' dir='ltr'><strong>vincia,</strong></span> <span class='ocrx_word' id='word_1_37' title='bbox 548 1049 594 1120; x_wconf 92' lang='lat' dir='ltr'><strong>ad</strong></span> <span class='ocrx_word' id='word_1_38' title='bbox 621 1047 721 1119; x_wconf 82' lang='lat' dir='ltr'><strong>mitia</strong></span> <span class='ocrx_word' id='word_1_39' title='bbox 744 1049 808 1119; x_wconf 82' lang='lat'>111.</span> <span class='ocrx_word' id='word_1_40' title='bbox 854 1049 980 1120; x_wconf 79' lang='lat' dir='ltr'><strong>Nostri</strong></span> <span class='ocrx_word' id='word_1_41' title='bbox 1007 1047 1201 1120; x_wconf 87' lang='lat' dir='ltr'><strong>desiderati</strong></span> <span class='ocrx_word' id='word_1_42' title='bbox 1228 1047 1274 1118; x_wconf 90' lang='lat' dir='ltr'><strong>ad</strong></span> <span class='ocrx_word' id='word_1_43' title='bbox 1289 1047 1486 1120; x_wconf 84' lang='lat' dir='ltr'><strong>bominum</strong></span> 
     </span>
     <span class='ocr_line' id='line_1_7' title="bbox 378 1153 1475 1260; baseline -0.001 -27"><span class='ocrx_word' id='word_1_44' title='bbox 378 1162 485 1250; x_wconf 82' lang='lat' dir='ltr'><strong>mite,</strong></span> <span class='ocrx_word' id='word_1_45' title='bbox 512 1163 647 1259; x_wconf 82' lang='lat' dir='ltr'><strong>partim</strong></span> <span class='ocrx_word' id='word_1_46' title='bbox 673 1153 860 1258; x_wconf 85' lang='lat' dir='ltr'><strong>pediturn,</strong></span> <span class='ocrx_word' id='word_1_47' title='bbox 894 1165 1037 1260; x_wconf 76' lang='lat' dir='ltr'><strong>partim¹</strong></span> <span class='ocrx_word' id='word_1_48' title='bbox 1068 1164 1259 1258; x_wconf 85' lang='lat' dir='ltr'><strong>equitum,</strong></span> <span class='ocrx_word' id='word_1_49' title='bbox 1291 1163 1403 1234; x_wconf 80' lang='lat' dir='ltr'><strong>saucii</strong></span> <span class='ocrx_word' id='word_1_50' title='bbox 1435 1159 1475 1232; x_wconf 87' lang='lat' dir='ltr'><strong>ad</strong></span> 
     </span>
     <span class='ocr_line' id='line_1_8' title="bbox 365 1273 1474 1374; baseline 0 -28"><span class='ocrx_word' id='word_1_51' title='bbox 365 1278 609 1374; x_wconf 75' lang='lat' dir='ltr'><strong>¹quingentos.</strong></span> <span class='ocrx_word' id='word_1_52' title='bbox 645 1276 951 1348; x_wconf 84' lang='lat' dir='ltr'><strong>Adversariorum</strong></span> <span class='ocrx_word' id='word_1_53' title='bbox 971 1275 1113 1373; x_wconf 86' lang='lat' dir='ltr'><strong>aquiiae</strong></span> <span class='ocrx_word' id='word_1_54' title='bbox 1136 1281 1223 1348; x_wconf 89' lang='lat' dir='ltr'><strong>suut</strong></span> <span class='ocrx_word' id='word_1_55' title='bbox 1240 1273 1384 1348; x_wconf 87' lang='lat' dir='ltr'><strong>ablatae</strong></span> <span class='ocrx_word' id='word_1_56' title='bbox 1399 1277 1474 1347; x_wconf 86' lang='lat' dir='ltr'><strong>Xlii</strong></span> 
     </span>
     <span class='ocr_line' id='line_1_9' title="bbox 365 1389 1473 1497; baseline 0.002 -37"><span class='ocrx_word' id='word_1_57' title='bbox 365 1401 417 1465; x_wconf 87' lang='lat' dir='ltr'><strong>.et</strong></span> <span class='ocrx_word' id='word_1_58' title='bbox 441 1395 545 1490; x_wconf 80' lang='lat' dir='ltr'><strong>signa</strong></span> <span class='ocrx_word' id='word_1_59' title='bbox 571 1399 610 1465; x_wconf 88' lang='lat' dir='ltr'><strong>et</strong></span> <span class='ocrx_word' id='word_1_60' title='bbox 628 1391 764 1464; x_wconf 81' lang='lat' dir='ltr'><strong>fasces:</strong></span> <span class='ocrx_word' id='word_1_61' title='bbox 791 1399 983 1491; x_wconf 83' lang='lat' dir='ltr'><strong>praeterea</strong></span> <span class='ocrx_word' id='word_1_62' title='bbox 1008 1395 1130 1466; x_wconf 83' lang='lat' dir='ltr'><strong>Duces</strong></span> <span class='ocrx_word' id='word_1_63' title='bbox 1150 1389 1243 1464; x_wconf 77' lang='lat' dir='ltr'><strong>&#39;belli</strong></span> <span class='ocrx_word' id='word_1_64' title='bbox 1260 1391 1473 1497; x_wconf 23' lang='lat' dir='ltr'><strong>XVllncapti</strong></span> 
     </span>
     <span class='ocr_line' id='line_1_10' title="bbox 356 1506 1296 1594; baseline -0.001 -16"><span class='ocrx_word' id='word_1_65' title='bbox 356 1513 475 1579; x_wconf 62' lang='lat' dir='ltr'><strong>*sunt</strong></span> <span class='ocrx_word' id='word_1_66' title='bbox 512 1507 588 1581; x_wconf 86' lang='lat' dir='ltr'><strong>Hos</strong></span> <span class='ocrx_word' id='word_1_67' title='bbox 618 1506 748 1578; x_wconf 92' lang='lat' dir='ltr'><strong>babuit</strong></span> <span class='ocrx_word' id='word_1_68' title='bbox 772 1531 832 1578; x_wconf 85' lang='lat' dir='ltr'><strong>res</strong></span> <span class='ocrx_word' id='word_1_69' title='bbox 864 1508 999 1594; x_wconf 85' lang='lat' dir='ltr'><strong>exitus.</strong></span> <span class='ocrx_word' id='word_1_70' title='bbox 1293 1553 1296 1560; x_wconf 84' lang='lat'><em>-</em></span> 
     </span>
    </p>

    <p class='ocr_par' dir='ltr' id='par_1_3' title="bbox 274 1615 1486 3794">
     <span class='ocr_line' id='line_1_11' title="bbox 433 1615 1472 1718; baseline -0.007 -25"><span class='ocrx_word' id='word_1_71' title='bbox 433 1623 494 1693; x_wconf 82' lang='lat'><strong>32.</strong></span> <span class='ocrx_word' id='word_1_72' title='bbox 519 1622 576 1692; x_wconf 81' lang='lat' dir='ltr'><strong>Ex</strong></span> <span class='ocrx_word' id='word_1_73' title='bbox 602 1620 690 1718; x_wconf 82' lang='lat' dir='ltr'><strong>fuga</strong></span> <span class='ocrx_word' id='word_1_74' title='bbox 727 1621 797 1692; x_wconf 89' lang='lat' dir='ltr'><strong>hac</strong></span> <span class='ocrx_word' id='word_1_75' title='bbox 833 1644 949 1716; x_wconf 89' lang='lat' dir='ltr'><strong>quum</strong></span> <span class='ocrx_word' id='word_1_76' title='bbox 985 1618 1161 1717; x_wconf 88' lang='lat' dir='ltr'><strong>oppidum</strong></span> <span class='ocrx_word' id='word_1_77' title='bbox 1191 1617 1380 1690; x_wconf 81' lang='lat' dir='ltr'><strong>Mundam·</strong></span> <span class='ocrx_word' id='word_1_78' title='bbox 1415 1615 1472 1687; x_wconf 86' lang='lat' dir='ltr'><strong>sibi</strong></span> 
     </span>
     <span class='ocr_line' id='line_1_12' title="bbox 381 1733 1474 1831; baseline -0.003 -27"><span class='ocrx_word' id='word_1_79' title='bbox 381 1735 662 1806; x_wconf 82' lang='lat' dir='ltr'><strong>constituissent</strong></span> <span class='ocrx_word' id='word_1_80' title='bbox 693 1733 933 1830; x_wconf 80' lang='lat' dir='ltr'><strong>praesidium,</strong></span> <span class='ocrx_word' id='word_1_81' title='bbox 964 1735 1081 1808; x_wconf 79' lang='lat' dir='ltr'><strong>nostri</strong></span> <span class='ocrx_word' id='word_1_82' title='bbox 1110 1733 1344 1831; x_wconf 80' lang='lat' dir='ltr'><strong>cogebantur</strong></span> <span class='ocrx_word' id='word_1_83' title='bbox 1369 1755 1474 1802; x_wconf 88' lang='lat' dir='ltr'><strong>neces·</strong></span> 
     </span>
     <span class='ocr_line' id='line_1_13' title="bbox 346 1847 1469 1945; baseline -0.003 -27"><span class='ocrx_word' id='word_1_84' title='bbox 346 1881 360 1896; x_wconf 37' lang='grc' dir='ltr'>κ</span> <span class='ocrx_word' id='word_1_85' title='bbox 378 1847 476 1918; x_wconf 86' lang='lat' dir='ltr'><strong>sario</strong></span> <span class='ocrx_word' id='word_1_86' title='bbox 491 1847 553 1918; x_wconf 87' lang='lat' dir='ltr'><strong>eos</strong></span> <span class='ocrx_word' id='word_1_87' title='bbox 571 1848 864 1921; x_wconf 84' lang='lat' dir='ltr'><strong>circumvallare.</strong></span> <span class='ocrx_word' id='word_1_88' title='bbox 894 1851 952 1925; x_wconf 80' lang='lat' dir='ltr'><strong>Ex</strong></span> <span class='ocrx_word' id='word_1_89' title='bbox 964 1849 1127 1922; x_wconf 86' lang='lat' dir='ltr'><strong>hostium</strong></span> <span class='ocrx_word' id='word_1_90' title='bbox 1141 1848 1252 1920; x_wconf 87' lang='lat' dir='ltr'><strong>armis</strong></span> <span class='ocrx_word' id='word_1_91' title='bbox 1266 1870 1334 1945; x_wconf 91' lang='lat' dir='ltr'><strong>pro</strong></span> <span class='ocrx_word' id='word_1_92' title='bbox 1349 1847 1469 1944; x_wconf 79' lang='lat' dir='ltr'><strong>cespite</strong></span> 
     </span>
     <span class='ocr_line' id='line_1_14' title="bbox 379 1961 1469 2061; baseline -0.003 -27"><span class='ocrx_word' id='word_1_93' title='bbox 379 1963 561 2036; x_wconf 84' lang='lat' dir='ltr'><strong>cadavera</strong></span> <span class='ocrx_word' id='word_1_94' title='bbox 589 1964 881 2040; x_wconf 83' lang='lat' dir='ltr'><strong>conlocabuntur</strong></span> <span class='ocrx_word' id='word_1_95' title='bbox 891 1987 907 2054; x_wconf 87' lang='lat'><strong>,·</strong></span> <span class='ocrx_word' id='word_1_96' title='bbox 936 1971 1050 2037; x_wconf 72' lang='lat' dir='ltr'><strong>scum</strong></span> <span class='ocrx_word' id='word_1_97' title='bbox 1071 1970 1109 2038; x_wconf 84' lang='lat' dir='ltr'><strong>et</strong></span> <span class='ocrx_word' id='word_1_98' title='bbox 1135 1963 1207 2061; x_wconf 90' lang='lat' dir='ltr'><strong>pila</strong></span> <span class='ocrx_word' id='word_1_99' title='bbox 1235 1961 1469 2061; x_wconf 86' lang='lat' dir='ltr'><strong>provaiio,*</strong></span> 
     </span>
     <span class='ocr_line' id='line_1_15' title="bbox 376 2075 1486 2179; baseline -0.005 -31"><span class='ocrx_word' id='word_1_100' title='bbox 376 2079 525 2175; x_wconf 90' lang='lat' dir='ltr'><strong>insuper</strong></span> <span class='ocrx_word' id='word_1_101' title='bbox 552 2079 664 2151; x_wconf 91' lang='lat' dir='ltr'><strong>occisi</strong></span> <span class='ocrx_word' id='word_1_102' title='bbox 690 2085 727 2150; x_wconf 87' lang='lat' dir='ltr'><strong>et</strong></span> <span class='ocrx_word' id='word_1_103' title='bbox 754 2079 864 2179; x_wconf 82' lang='lat' dir='ltr'><strong>gladii</strong></span> <span class='ocrx_word' id='word_1_104' title='bbox 892 2085 931 2151; x_wconf 88' lang='lat' dir='ltr'><strong>et</strong></span> <span class='ocrx_word' id='word_1_105' title='bbox 952 2100 1149 2151; x_wconf 88' lang='lat' dir='ltr'><strong>mucrones</strong></span> <span class='ocrx_word' id='word_1_106' title='bbox 1166 2084 1204 2148; x_wconf 82' lang='lat' dir='ltr'><strong>et</strong></span> <span class='ocrx_word' id='word_1_107' title='bbox 1222 2078 1349 2174; x_wconf 88' lang='lat' dir='ltr'><strong>capita</strong></span> <span class='ocrx_word' id='word_1_108' title='bbox 1367 2075 1486 2166; x_wconf 51' lang='lat' dir='ltr'><strong>bomi-¹</strong></span> 
     </span>
     <span class='ocr_line' id='line_1_16' title="bbox 377 2193 1467 2293; baseline -0.002 -29"><span class='ocrx_word' id='word_1_109' title='bbox 377 2207 468 2266; x_wconf 88' lang='lat' dir='ltr'><strong>num</strong></span> <span class='ocrx_word' id='word_1_110' title='bbox 482 2195 667 2282; x_wconf 81' lang='lat' dir='ltr'><strong>ordinata,</strong></span> <span class='ocrx_word' id='word_1_111' title='bbox 682 2195 729 2266; x_wconf 92' lang='lat' dir='ltr'><strong>ad</strong></span> <span class='ocrx_word' id='word_1_112' title='bbox 747 2195 922 2293; x_wconf 89' lang='lat' dir='ltr'><strong>oppidum</strong></span> <span class='ocrx_word' id='word_1_113' title='bbox 934 2206 1117 2270; x_wconf 82' lang='lat' dir='ltr'><strong>conversa</strong></span> <span class='ocrx_word' id='word_1_114' title='bbox 1133 2195 1305 2266; x_wconf 73' lang='lat' dir='ltr'><strong>uniuersa</strong></span> <span class='ocrx_word' id='word_1_115' title='bbox 1322 2193 1467 2266; x_wconf 88' lang='lat' dir='ltr'><strong>hostium</strong></span> 
     </span>
     <span class='ocr_line' id='line_1_17' title="bbox 290 2311 1467 2410; baseline 0 -28"><span class='ocrx_word' id='word_1_116' title='bbox 290 2352 294 2362; x_wconf 94' lang='lat'>·</span> <span class='ocrx_word' id='word_1_117' title='bbox 376 2313 572 2399; x_wconf 86' lang='lat' dir='ltr'><strong>timorem,</strong></span> <span class='ocrx_word' id='word_1_118' title='bbox 598 2313 822 2407; x_wconf 89' lang='lat' dir='ltr'><strong>virtutisque</strong></span> <span class='ocrx_word' id='word_1_119' title='bbox 849 2311 1042 2410; x_wconf 85' lang='lat' dir='ltr'><strong>insignia*</strong></span> <span class='ocrx_word' id='word_1_120' title='bbox 1071 2312 1260 2408; x_wconf 89' lang='lat' dir='ltr'><strong>proposita</strong></span> <span class='ocrx_word' id='word_1_121' title='bbox 1294 2311 1467 2396; x_wconf 88' lang='lat' dir='ltr'><strong>viderent,</strong></span> 
     </span>
     <span class='ocr_line' id='line_1_18' title="bbox 377 2422 1465 2516; baseline -0.002 -22"><span class='ocrx_word' id='word_1_122' title='bbox 377 2431 415 2496; x_wconf 87' lang='lat' dir='ltr'><strong>et</strong></span> <span class='ocrx_word' id='word_1_123' title='bbox 443 2423 540 2496; x_wconf 84' lang='lat' dir='ltr'><strong>valio</strong></span> <span class='ocrx_word' id='word_1_124' title='bbox 564 2423 949 2516; x_wconf 81' lang='lat' dir='ltr'><strong>circumcluderentur</strong></span> <span class='ocrx_word' id='word_1_125' title='bbox 975 2424 1185 2497; x_wconf 71' lang='lat' dir='ltr'><strong>adversarii.</strong></span> <span class='ocrx_word' id='word_1_126' title='bbox 1213 2427 1261 2484; x_wconf 62' lang='lat' dir='ltr'><strong>*u</strong></span> <span class='ocrx_word' id='word_1_127' title='bbox 1293 2428 1352 2497; x_wconf 88' lang='lat' dir='ltr'><strong>lta</strong></span> <span class='ocrx_word' id='word_1_128' title='bbox 1383 2422 1465 2496; x_wconf 82' lang='lat' dir='ltr'><strong>Galli</strong></span> 
     </span>
     <span class='ocr_line' id='line_1_19' title="bbox 375 2535 1486 2638; baseline -0.004 -30"><span class='ocrx_word' id='word_1_129' title='bbox 375 2539 529 2636; x_wconf 80' lang='lat' dir='ltr'><strong>tragulis</strong></span> <span class='ocrx_word' id='word_1_130' title='bbox 555 2535 757 2635; x_wconf 84' lang='lat' dir='ltr'><strong>iaculisque</strong></span> <span class='ocrx_word' id='word_1_131' title='bbox 785 2539 971 2636; x_wconf 90' lang='lat' dir='ltr'><strong>oppidum·</strong></span> <span class='ocrx_word' id='word_1_132' title='bbox 988 2560 1034 2612; x_wconf 84' lang='lat' dir='ltr'><strong>ex</strong></span> <span class='ocrx_word' id='word_1_133' title='bbox 1053 2539 1215 2612; x_wconf 90' lang='lat' dir='ltr'><strong>bostium</strong></span> <span class='ocrx_word' id='word_1_134' title='bbox 1234 2537 1463 2638; x_wconf 74' lang='lat' dir='ltr'><strong>cadaveribus</strong></span> <span class='ocrx_word' id='word_1_135' title='bbox 1485 2601 1486 2604; x_wconf 74' lang='grc'>,</span> 
     </span>
     <span class='ocr_line' id='line_1_20' title="bbox 375 2641 1486 2752; baseline -0.003 -28"><span class='ocrx_word' id='word_1_136' title='bbox 375 2663 464 2725; x_wconf 85' lang='lat' dir='ltr'><strong>sunt</strong></span> <span class='ocrx_word' id='word_1_137' title='bbox 503 2641 766 2752; x_wconf 86' lang='lat' dir='ltr'><strong>circumplexi,</strong></span> <span class='ocrx_word' id='word_1_138' title='bbox 797 2655 1009 2752; x_wconf 83' lang='lat' dir='ltr'><strong>obpugnare</strong></span> <span class='ocrx_word' id='word_1_139' title='bbox 1042 2659 1257 2751; x_wconf 87' lang='lat' dir='ltr'><strong>coeperunt.</strong></span> <span class='ocrx_word' id='word_1_140' title='bbox 1322 2655 1377 2726; x_wconf 88' lang='lat' dir='ltr'><strong>Ex</strong></span> <span class='ocrx_word' id='word_1_141' title='bbox 1406 2653 1486 2738; x_wconf 67' lang='lat' dir='ltr'><strong>boc</strong></span> 
     </span>
     <span class='ocr_line' id='line_1_21' title="bbox 375 2765 1464 2864; baseline -0.005 -26"><span class='ocrx_word' id='word_1_142' title='bbox 375 2765 515 2862; x_wconf 86' lang='lat' dir='ltr'><strong>proelio</strong></span> <span class='ocrx_word' id='word_1_143' title='bbox 542 2766 710 2840; x_wconf 88' lang='lat' dir='ltr'><strong>Valerius</strong></span> <span class='ocrx_word' id='word_1_144' title='bbox 745 2767 974 2840; x_wconf 78' lang='lat' dir='ltr'><strong>adolescens</strong></span> <span class='ocrx_word' id='word_1_145' title='bbox 991 2767 1203 2840; x_wconf 86' lang='lat' dir='ltr'><strong>Cordubam</strong></span> <span class='ocrx_word' id='word_1_146' title='bbox 1230 2789 1319 2840; x_wconf 89' lang='lat' dir='ltr'><strong>cum</strong></span> <span class='ocrx_word' id='word_1_147' title='bbox 1353 2765 1464 2864; x_wconf 88' lang='lat' dir='ltr'><strong>paucis</strong></span> 
     </span>
     <span class='ocr_line' id='line_1_22' title="bbox 376 2871 1486 2982; baseline 0.002 -30"><span class='ocrx_word' id='word_1_148' title='bbox 376 2883 562 2978; x_wconf 85' lang='lat' dir='ltr'><strong>equitibus</strong></span> <span class='ocrx_word' id='word_1_149' title='bbox 584 2883 700 2982; x_wconf 81' lang='lat' dir='ltr'><strong>fugit,</strong></span> <span class='ocrx_word' id='word_1_150' title='bbox 728 2885 810 2958; x_wconf 88' lang='lat' dir='ltr'><strong>Sex.</strong></span> <span class='ocrx_word' id='word_1_151' title='bbox 829 2885 1024 2982; x_wconf 87' lang='lat' dir='ltr'><strong>Pompeio,</strong></span> <span class='ocrx_word' id='word_1_152' title='bbox 1038 2883 1101 2980; x_wconf 89' lang='lat' dir='ltr'><strong>qui</strong></span> <span class='ocrx_word' id='word_1_153' title='bbox 1119 2876 1314 2958; x_wconf 75' lang='lat' dir='ltr'><strong>Cordubae</strong></span> <span class='ocrx_word' id='word_1_154' title='bbox 1332 2885 1464 2971; x_wconf 86' lang='lat' dir='ltr'><strong>fuisset,</strong></span> <span class='ocrx_word' id='word_1_155' title='bbox 1485 2871 1486 2874; x_wconf 27' lang='lat'>¹</span> 
     </span>
     <span class='ocr_line' id='line_1_23' title="bbox 274 2999 1463 3098; baseline 0 -28"><span class='ocrx_word' id='word_1_156' title='bbox 274 3051 278 3056; x_wconf 12' lang='lat' dir='ltr'><strong>a·</strong></span> <span class='ocrx_word' id='word_1_157' title='bbox 374 3021 452 3070; x_wconf 87' lang='lat' dir='ltr'><strong>rem</strong></span> <span class='ocrx_word' id='word_1_158' title='bbox 479 3005 623 3097; x_wconf 83' lang='lat' dir='ltr'><strong>gestam</strong></span> <span class='ocrx_word' id='word_1_159' title='bbox 645 3000 771 3072; x_wconf 71' lang='lat' dir='ltr'><strong>&#39;refert</strong></span> <span class='ocrx_word' id='word_1_160' title='bbox 816 2999 975 3098; x_wconf 85' lang='lat' dir='ltr'><strong>Cognito</strong></span> <span class='ocrx_word' id='word_1_161' title='bbox 1001 2999 1072 3075; x_wconf 85' lang='lat' dir='ltr'><strong>hoo</strong></span> <span class='ocrx_word' id='word_1_162' title='bbox 1088 3000 1253 3098; x_wconf 81' lang='lat' dir='ltr'><strong>negotio,</strong></span> <span class='ocrx_word' id='word_1_163' title='bbox 1272 2999 1463 3098; x_wconf 90' lang='lat' dir='ltr'><strong>quosequi-</strong></span> 
     </span>
     <span class='ocr_line' id='line_1_24' title="bbox 374 3113 1478 3215; baseline 0.002 -31"><span class='ocrx_word' id='word_1_164' title='bbox 374 3119 430 3186; x_wconf 87' lang='lat' dir='ltr'><strong>tes</strong></span> <span class='ocrx_word' id='word_1_165' title='bbox 448 3139 573 3186; x_wconf 88' lang='lat' dir='ltr'><strong>secum</strong></span> <span class='ocrx_word' id='word_1_166' title='bbox 593 3115 743 3203; x_wconf 73' lang='lat' dir='ltr'><strong>habuit,</strong></span> <span class='ocrx_word' id='word_1_167' title='bbox 767 3115 843 3204; x_wconf 91' lang='lat' dir='ltr'><strong>his,</strong></span> <span class='ocrx_word' id='word_1_168' title='bbox 869 3113 969 3212; x_wconf 84' lang='lat' dir='ltr'><strong>quod</strong></span> <span class='ocrx_word' id='word_1_169' title='bbox 984 3115 1116 3188; x_wconf 87' lang='lat' dir='ltr'><strong>habuit</strong></span> <span class='ocrx_word' id='word_1_170' title='bbox 1132 3139 1258 3190; x_wconf 85' lang='lat' dir='ltr'><strong>secum</strong></span> <span class='ocrx_word' id='word_1_171' title='bbox 1279 3117 1478 3215; x_wconf 82' lang='lat' dir='ltr'><strong>pecuniae,</strong></span> 
     </span>
     <span class='ocr_line' id='line_1_25' title="bbox 374 3230 1463 3329; baseline -0.003 -26"><span class='ocrx_word' id='word_1_172' title='bbox 374 3231 583 3318; x_wconf 73' lang='lat' dir='ltr'><strong>distribuit,</strong></span> <span class='ocrx_word' id='word_1_173' title='bbox 610 3233 652 3304; x_wconf 79' lang='lat' dir='ltr'><strong>et&#39;</strong></span> <span class='ocrx_word' id='word_1_174' title='bbox 666 3230 856 3329; x_wconf 91' lang='lat' dir='ltr'><strong>oppidanis</strong></span> <span class='ocrx_word' id='word_1_175' title='bbox 874 3231 984 3320; x_wconf 85' lang='lat' dir='ltr'><strong>dixit,</strong></span> <span class='ocrx_word' id='word_1_176' title='bbox 1001 3257 1040 3304; x_wconf 83' lang='lat' dir='ltr'><strong>sc</strong></span> <span class='ocrx_word' id='word_1_177' title='bbox 1053 3232 1096 3304; x_wconf 84' lang='lat' dir='ltr'><strong>de</strong></span> <span class='ocrx_word' id='word_1_178' title='bbox 1110 3258 1199 3328; x_wconf 86' lang='lat' dir='ltr'><strong>poce</strong></span> <span class='ocrx_word' id='word_1_179' title='bbox 1224 3233 1275 3305; x_wconf 86' lang='lat' dir='ltr'><strong>ud</strong></span> <span class='ocrx_word' id='word_1_180' title='bbox 1290 3234 1463 3306; x_wconf 82' lang='lat' dir='ltr'><strong>Caesarem</strong></span> 
     </span>
     <span class='ocr_line' id='line_1_26' title="bbox 368 3329 1486 3447; baseline -0.004 -27"><span class='ocrx_word' id='word_1_181' title='bbox 368 3345 570 3447; x_wconf 56' lang='lat' dir='ltr'><strong>proficmcm</strong></span> <span class='ocrx_word' id='word_1_182' title='bbox 595 3354 632 3420; x_wconf 84' lang='lat' dir='ltr'><strong>et</strong></span> <span class='ocrx_word' id='word_1_183' title='bbox 658 3345 818 3420; x_wconf 87' lang='lat' dir='ltr'><strong>secunda</strong></span> <span class='ocrx_word' id='word_1_184' title='bbox 848 3346 970 3446; x_wconf 84' lang='lat' dir='ltr'><strong>vigilia</strong></span> <span class='ocrx_word' id='word_1_185' title='bbox 990 3349 1035 3420; x_wconf 81' lang='lat' dir='ltr'><strong>ab</strong></span> <span class='ocrx_word' id='word_1_186' title='bbox 1051 3348 1185 3446; x_wconf 92' lang='lat' dir='ltr'><strong>oppido</strong></span> <span class='ocrx_word' id='word_1_187' title='bbox 1205 3349 1382 3422; x_wconf 84' lang='lat' dir='ltr'><strong>discessit.</strong></span> <span class='ocrx_word' id='word_1_188' title='bbox 1405 3349 1462 3419; x_wconf 85' lang='lat' dir='ltr'><strong>Cn.</strong></span> <span class='ocrx_word' id='word_1_189' title='bbox 1485 3329 1486 3342; x_wconf 11' lang='grc' dir='ltr'>ἵ</span> 
     </span>
     <span class='ocr_line' id='line_1_27' title="bbox 372 3447 1462 3560; baseline -0.004 -28"><span class='ocrx_word' id='word_1_190' title='bbox 372 3449 567 3558; x_wconf 86' lang='lat' dir='ltr'><strong>Pompeius</strong></span> <span class='ocrx_word' id='word_1_191' title='bbox 594 3469 719 3534; x_wconf 87' lang='lat' dir='ltr'><strong>autem</strong></span> <span class='ocrx_word' id='word_1_192' title='bbox 747 3485 833 3534; x_wconf 91' lang='lat' dir='ltr'><strong>cum</strong></span> <span class='ocrx_word' id='word_1_193' title='bbox 862 3447 1047 3556; x_wconf 80' lang='lat' dir='ltr'><strong>equitibus</strong></span> <span class='ocrx_word' id='word_1_194' title='bbox 1074 3462 1200 3560; x_wconf 85' lang='lat' dir='ltr'><strong>paucis</strong></span> <span class='ocrx_word' id='word_1_195' title='bbox 1220 3455 1462 3558; x_wconf 76' lang='lat' dir='ltr'><strong>nonnullisque</strong></span> 
     </span>
     <span class='ocr_line' id='line_1_28' title="bbox 372 3573 1462 3672; baseline -0.002 -26"><span class='ocrx_word' id='word_1_196' title='bbox 372 3575 556 3672; x_wconf 82' lang='lat' dir='ltr'><strong>peditibus</strong></span> <span class='ocrx_word' id='word_1_197' title='bbox 575 3575 619 3647; x_wconf 88' lang='lat' dir='ltr'><strong>ad</strong></span> <span class='ocrx_word' id='word_1_198' title='bbox 640 3574 769 3646; x_wconf 86' lang='lat' dir='ltr'><strong>navale</strong></span> <span class='ocrx_word' id='word_1_199' title='bbox 788 3574 1011 3672; x_wconf 88' lang='lat' dir='ltr'><strong>praesidium</strong></span> <span class='ocrx_word' id='word_1_200' title='bbox 1032 3581 1137 3672; x_wconf 88' lang='lat' dir='ltr'><strong>parte</strong></span> <span class='ocrx_word' id='word_1_201' title='bbox 1153 3573 1270 3646; x_wconf 84' lang='lat' dir='ltr'><strong>altera</strong></span> <span class='ocrx_word' id='word_1_202' title='bbox 1289 3573 1462 3647; x_wconf 85' lang='lat' dir='ltr'><strong>Carteiam</strong></span> 
     </span>
     <span class='ocr_line' id='line_1_29' title="bbox 357 3685 1462 3787; baseline -0.003 -29"><span class='ocrx_word' id='word_1_203' title='bbox 357 3685 582 3784; x_wconf 83' lang='lat' dir='ltr'><strong>contendit,</strong></span> <span class='ocrx_word' id='word_1_204' title='bbox 624 3689 722 3787; x_wconf 89' lang='lat' dir='ltr'><strong>quod</strong></span> <span class='ocrx_word' id='word_1_205' title='bbox 756 3687 933 3786; x_wconf 87' lang='lat' dir='ltr'><strong>oppidum</strong></span> <span class='ocrx_word' id='word_1_206' title='bbox 967 3689 1072 3764; x_wconf 83' lang='lat' dir='ltr'><strong>abest</strong></span> <span class='ocrx_word' id='word_1_207' title='bbox 1107 3716 1129 3762; x_wconf 89' lang='lat' dir='ltr'><strong>a</strong></span> <span class='ocrx_word' id='word_1_208' title='bbox 1162 3691 1336 3764; x_wconf 84' lang='lat' dir='ltr'><strong>Corduba</strong></span> <span class='ocrx_word' id='word_1_209' title='bbox 1373 3685 1462 3762; x_wconf 89' lang='lat' dir='ltr'><strong>milia</strong></span> 
     </span>
    </p>
   </div>
   <div class='ocr_carea' id='block_1_3' title="bbox 308 3895 1460 4394">
    <p class='ocr_par' dir='ltr' id='par_1_4' title="bbox 333 3895 1460 4260">
     <span class='ocr_line' id='line_1_30' title="bbox 402 3895 1460 3990; baseline 0.001 -19"><span class='ocrx_word' id='word_1_210' title='bbox 402 3920 447 3972; x_wconf 79' lang='lat' dir='ltr'><strong>Ea·</strong></span> <span class='ocrx_word' id='word_1_211' title='bbox 468 3901 578 3974; x_wconf 78' lang='lat' dir='ltr'><strong>bostium</strong></span> <span class='ocrx_word' id='word_1_212' title='bbox 603 3926 681 3973; x_wconf 78' lang='lat' dir='ltr'><strong>urnais</strong></span> <span class='ocrx_word' id='word_1_213' title='bbox 698 3951 730 3962; x_wconf 89' lang='lat'>-</span> <span class='ocrx_word' id='word_1_214' title='bbox 746 3935 886 3988; x_wconf 77' lang='lat' dir='ltr'><strong>coeperunt.</strong></span> <span class='ocrx_word' id='word_1_215' title='bbox 954 3921 1011 3976; x_wconf 80' lang='lat' dir='ltr'><strong>val.</strong></span> <span class='ocrx_word' id='word_1_216' title='bbox 1027 3895 1151 3990; x_wconf 53' lang='grc' dir='ltr'><strong>ΙΜευι.·7,</strong></span> <span class='ocrx_word' id='word_1_217' title='bbox 1169 3925 1184 3972; x_wconf 84' lang='grc'><strong>6</strong></span> <span class='ocrx_word' id='word_1_218' title='bbox 1194 3963 1201 3986; x_wconf 88' lang='lat'><strong>,</strong></span> <span class='ocrx_word' id='word_1_219' title='bbox 1220 3927 1242 3974; x_wconf 84' lang='lat'><strong>5.</strong></span> <span class='ocrx_word' id='word_1_220' title='bbox 1261 3923 1353 3976; x_wconf 82' lang='lat' dir='ltr'><strong>Celsus</strong></span> <span class='ocrx_word' id='word_1_221' title='bbox 1390 3927 1460 3984; x_wconf 73' lang='lat'><strong>.245·</strong></span> 
     </span>
     <span class='ocr_line' id='line_1_31' title="bbox 369 3942 1458 4066; baseline 0.002 -28"><span class='ocrx_word' id='word_1_222' title='bbox 369 3985 436 4040; x_wconf 83' lang='lat' dir='ltr'><strong>Haec</strong></span> <span class='ocrx_word' id='word_1_223' title='bbox 448 3999 512 4042; x_wconf 85' lang='lat' dir='ltr'><strong>sunt</strong></span> <span class='ocrx_word' id='word_1_224' title='bbox 525 3993 617 4042; x_wconf 82' lang='lat' dir='ltr'><strong>misero</strong></span> <span class='ocrx_word' id='word_1_225' title='bbox 629 3989 766 4058; x_wconf 86' lang='lat' dir='ltr'><strong>discerpta.</strong></span> <span class='ocrx_word' id='word_1_226' title='bbox 780 3989 886 4048; x_wconf 75' lang='lat' dir='ltr'><strong>Scimus</strong></span> <span class='ocrx_word' id='word_1_227' title='bbox 979 3991 1058 4060; x_wconf 76' lang='lat' dir='ltr'><strong>sugit.</strong></span> <span class='ocrx_word' id='word_1_228' title='bbox 1068 3991 1111 4043; x_wconf 91' lang='lat' dir='ltr'><strong>Sic</strong></span> <span class='ocrx_word' id='word_1_229' title='bbox 1121 3989 1183 4041; x_wconf 90' lang='lat' dir='ltr'><strong>boni</strong></span> <span class='ocrx_word' id='word_1_230' title='bbox 1192 3989 1268 4043; x_wconf 69' lang='lat' dir='ltr'><strong>codd,</strong></span> <span class='ocrx_word' id='word_1_231' title='bbox 1277 3991 1360 4058; x_wconf 81' lang='lat' dir='ltr'><strong>Vulgo</strong></span> <span class='ocrx_word' id='word_1_232' title='bbox 1358 3942 1458 4066; x_wconf 59' lang='lat' dir='ltr'><strong>Jbgzeuo</strong></span> 
     </span>
     <span class='ocr_line' id='line_1_32' title="bbox 355 4055 1459 4127; baseline 0 -23"><span class='ocrx_word' id='word_1_233' title='bbox 355 4071 382 4119; x_wconf 16' lang='lat' dir='ltr'><strong>*e</strong></span> <span class='ocrx_word' id='word_1_234' title='bbox 402 4056 486 4108; x_wconf 85' lang='lat' dir='ltr'><strong>Diona</strong></span> <span class='ocrx_word' id='word_1_235' title='bbox 506 4058 596 4109; x_wconf 87' lang='lat' dir='ltr'><strong>Cassio</strong></span> <span class='ocrx_word' id='word_1_236' title='bbox 615 4055 669 4121; x_wconf 76' lang='lat'><strong>(43,</strong></span> <span class='ocrx_word' id='word_1_237' title='bbox 687 4055 745 4120; x_wconf 88' lang='lat'><strong>38),</strong></span> <span class='ocrx_word' id='word_1_238' title='bbox 770 4077 817 4109; x_wconf 89' lang='lat' dir='ltr'><strong>cou</strong></span> <span class='ocrx_word' id='word_1_239' title='bbox 834 4065 887 4107; x_wconf 85' lang='lat' dir='ltr'><strong>csta</strong></span> <span class='ocrx_word' id='word_1_240' title='bbox 988 4057 1096 4127; x_wconf 76' lang='lat' dir='ltr'><strong>Cognito</strong></span> <span class='ocrx_word' id='word_1_241' title='bbox 1108 4057 1154 4108; x_wconf 78' lang='lat' dir='ltr'><strong>boc</strong></span> <span class='ocrx_word' id='word_1_242' title='bbox 1171 4076 1201 4106; x_wconf 88' lang='lat' dir='ltr'><strong>nc</strong></span> <span class='ocrx_word' id='word_1_243' title='bbox 1218 4063 1284 4118; x_wconf 86' lang='lat' dir='ltr'><strong>otio,</strong></span> <span class='ocrx_word' id='word_1_244' title='bbox 1304 4076 1365 4126; x_wconf 86' lang='lat' dir='ltr'><strong>quos</strong></span> <span class='ocrx_word' id='word_1_245' title='bbox 1377 4059 1459 4122; x_wconf 82' lang='lat' dir='ltr'><strong>equites</strong></span> 
     </span>
     <span class='ocr_line' id='line_1_33' title="bbox 368 4076 1459 4198; baseline -0.004 -24"><span class='ocrx_word' id='word_1_246' title='bbox 368 4137 422 4198; x_wconf 60' lang='lat' dir='ltr'><strong>esse</strong></span> <span class='ocrx_word' id='word_1_247' title='bbox 447 4123 586 4186; x_wconf 80' lang='lat' dir='ltr'><strong>cadavera,</strong></span> <span class='ocrx_word' id='word_1_248' title='bbox 616 4133 662 4184; x_wconf 88' lang='lat' dir='ltr'><strong>ut,</strong></span> <span class='ocrx_word' id='word_1_249' title='bbox 684 4123 765 4190; x_wconf 73' lang='lat' dir='ltr'><strong>veluti</strong></span> <span class='ocrx_word' id='word_1_250' title='bbox 788 4076 887 4176; x_wconf 61' lang='lat' dir='ltr'><strong>vaiium</strong></span> <span class='ocrx_word' id='word_1_251' title='bbox 953 4135 1035 4175; x_wconf 83' lang='lat' dir='ltr'><strong>secum</strong></span> <span class='ocrx_word' id='word_1_252' title='bbox 1063 4125 1165 4185; x_wconf 71' lang='lat' dir='ltr'><strong>babent,</strong></span> <span class='ocrx_word' id='word_1_253' title='bbox 1198 4077 1258 4184; x_wconf 61' lang='lat' dir='ltr'><strong>dis,</strong></span> <span class='ocrx_word' id='word_1_254' title='bbox 1286 4124 1355 4194; x_wconf 84' lang='lat' dir='ltr'><strong>quod</strong></span> <span class='ocrx_word' id='word_1_255' title='bbox 1383 4123 1459 4175; x_wconf 81' lang='lat' dir='ltr'><strong>babuit</strong></span> 
     </span>
     <span class='ocr_line' id='line_1_34' title="bbox 333 4187 1459 4260; baseline 0.001 -21"><span class='ocrx_word' id='word_1_256' title='bbox 333 4198 335 4207; x_wconf 92' lang='lat'>&#39;</span> <span class='ocrx_word' id='word_1_257' title='bbox 368 4205 433 4240; x_wconf 83' lang='lat' dir='ltr'><strong>cuca</strong></span> <span class='ocrx_word' id='word_1_258' title='bbox 451 4191 598 4260; x_wconf 87' lang='lat' dir='ltr'><strong>oppidum,</strong></span> <span class='ocrx_word' id='word_1_259' title='bbox 617 4199 838 4244; x_wconf 83' lang='lat' dir='ltr'><strong>coacervarentur:</strong></span> <span class='ocrx_word' id='word_1_260' title='bbox 854 4205 885 4242; x_wconf 81' lang='lat' dir='ltr'><strong>ax</strong></span> <span class='ocrx_word' id='word_1_261' title='bbox 953 4195 1184 4260; x_wconf 63' lang='lat' dir='ltr'><strong>compescuntur,</strong></span> <span class='ocrx_word' id='word_1_262' title='bbox 1201 4193 1338 4242; x_wconf 78' lang='lat' dir='ltr'><strong>distribuit.</strong></span> <span class='ocrx_word' id='word_1_263' title='bbox 1371 4190 1412 4242; x_wconf 87' lang='lat' dir='ltr'><strong>Sic</strong></span> <span class='ocrx_word' id='word_1_264' title='bbox 1426 4187 1459 4237; x_wconf 83' lang='lat' dir='ltr'><strong>le·</strong></span> 
     </span>
    </p>

    <p class='ocr_par' dir='ltr' id='par_1_5' title="bbox 308 4253 1457 4394">
     <span class='ocr_line' id='line_1_35' title="bbox 308 4253 1457 4328; baseline -0.003 -22"><span class='ocrx_word' id='word_1_265' title='bbox 308 4255 313 4260; x_wconf 73' lang='grc'><strong><em>’</em></strong></span> <span class='ocrx_word' id='word_1_266' title='bbox 368 4254 491 4324; x_wconf 79' lang='lat' dir='ltr'><strong>Appiano</strong></span> <span class='ocrx_word' id='word_1_267' title='bbox 514 4279 535 4311; x_wconf 89' lang='lat' dir='ltr'><strong>c.</strong></span> <span class='ocrx_word' id='word_1_268' title='bbox 559 4263 610 4308; x_wconf 84' lang='lat'><strong>1⁰5.</strong></span> <span class='ocrx_word' id='word_1_269' title='bbox 632 4264 679 4328; x_wconf 89' lang='lat' dir='ltr'><strong>(p.</strong></span> <span class='ocrx_word' id='word_1_270' title='bbox 703 4257 785 4326; x_wconf 68' lang='lat'><strong>493),</strong></span> <span class='ocrx_word' id='word_1_271' title='bbox 807 4256 886 4310; x_wconf 85' lang='lat' dir='ltr'><strong>cuda·</strong></span> <span class='ocrx_word' id='word_1_272' title='bbox 953 4257 1093 4324; x_wconf 74' lang='lat' dir='ltr'><strong>gunduine</strong></span> <span class='ocrx_word' id='word_1_273' title='bbox 1110 4258 1215 4312; x_wconf 81' lang='lat' dir='ltr'><strong>Norvic.</strong></span> <span class='ocrx_word' id='word_1_274' title='bbox 1233 4268 1260 4310; x_wconf 87' lang='lat' dir='ltr'><strong>et</strong></span> <span class='ocrx_word' id='word_1_275' title='bbox 1275 4257 1361 4310; x_wconf 83' lang='lat' dir='ltr'><strong>Petuv.</strong></span> <span class='ocrx_word' id='word_1_276' title='bbox 1379 4253 1457 4306; x_wconf 68' lang='lat' dir='ltr'><strong>Mla</strong></span> 
     </span>
     <span class='ocr_line' id='line_1_36' title="bbox 367 4323 1457 4394; baseline 0.001 -23"><span class='ocrx_word' id='word_1_277' title='bbox 367 4339 426 4372; x_wconf 78' lang='lat' dir='ltr'><strong>vera</strong></span> <span class='ocrx_word' id='word_1_278' title='bbox 445 4323 528 4376; x_wconf 88' lang='lat' dir='ltr'><strong>hastis</strong></span> <span class='ocrx_word' id='word_1_279' title='bbox 545 4325 627 4378; x_wconf 79' lang='lat' dir='ltr'><strong>adfixa</strong></span> <span class='ocrx_word' id='word_1_280' title='bbox 645 4345 699 4376; x_wconf 85' lang='lat' dir='ltr'><strong>csse</strong></span> <span class='ocrx_word' id='word_1_281' title='bbox 717 4335 797 4375; x_wconf 78' lang='lat' dir='ltr'><strong>terrae</strong></span> <span class='ocrx_word' id='word_1_282' title='bbox 820 4327 885 4378; x_wconf 80' lang='lat' dir='ltr'><strong>circa</strong></span> <span class='ocrx_word' id='word_1_283' title='bbox 953 4326 1057 4376; x_wconf 85' lang='lat' dir='ltr'><strong>restitui</strong></span> <span class='ocrx_word' id='word_1_284' title='bbox 1067 4325 1160 4377; x_wconf 87' lang='lat' dir='ltr'><strong>locum.</strong></span> <span class='ocrx_word' id='word_1_285' title='bbox 1179 4325 1290 4394; x_wconf 71' lang='lat' dir='ltr'><strong>Legitur,</strong></span> <span class='ocrx_word' id='word_1_286' title='bbox 1298 4323 1386 4390; x_wconf 75' lang='lat' dir='ltr'><strong>vulgo:</strong></span> <span class='ocrx_word' id='word_1_287' title='bbox 1403 4337 1457 4388; x_wconf 77' lang='lat' dir='ltr'><strong>quos</strong></span> 
     </span>
    </p>
   </div>
   <div class='ocr_carea' id='block_1_4' title="bbox 368 4386 1402 4464">
    <p class='ocr_par' dir='ltr' id='par_1_6' title="bbox 368 4386 1402 4464">
     <span class='ocr_line' id='line_1_37' title="bbox 368 4386 1402 4464; baseline 0.002 -24"><span class='ocrx_word' id='word_1_288' title='bbox 368 4390 503 4458; x_wconf 78' lang='lat' dir='ltr'><strong>oppidum·</strong></span> <span class='ocrx_word' id='word_1_289' title='bbox 515 4393 558 4446; x_wconf 92' lang='lat' dir='ltr'><strong>M.</strong></span> <span class='ocrx_word' id='word_1_290' title='bbox 570 4392 646 4446; x_wconf 81' lang='lat' dir='ltr'><strong>cous.</strong></span> <span class='ocrx_word' id='word_1_291' title='bbox 658 4391 748 4446; x_wconf 85' lang='lat' dir='ltr'><strong>Florus</strong></span> <span class='ocrx_word' id='word_1_292' title='bbox 760 4401 788 4457; x_wconf 71' lang='lat'><strong>4,</strong></span> <span class='ocrx_word' id='word_1_293' title='bbox 801 4407 830 4456; x_wconf 85' lang='lat'><strong>2,</strong></span> <span class='ocrx_word' id='word_1_294' title='bbox 843 4398 884 4450; x_wconf 75' lang='lat'><strong>85.</strong></span> <span class='ocrx_word' id='word_1_295' title='bbox 952 4397 1047 4458; x_wconf 77' lang='lat' dir='ltr'><strong>equites</strong></span> <span class='ocrx_word' id='word_1_296' title='bbox 1063 4395 1131 4462; x_wconf 84' lang='lat' dir='ltr'><strong>quod</strong></span> <span class='ocrx_word' id='word_1_297' title='bbox 1144 4411 1197 4464; x_wconf 71' lang='lat' dir='ltr'><strong>pec.</strong></span> <span class='ocrx_word' id='word_1_298' title='bbox 1213 4409 1293 4450; x_wconf 71' lang='lat' dir='ltr'><strong>sercou</strong></span> <span class='ocrx_word' id='word_1_299' title='bbox 1310 4386 1402 4444; x_wconf 74' lang='lat' dir='ltr'><strong>babuit.</strong></span> 
     </span>
    </p>
   </div>
   <div class='ocr_carea' id='block_1_5' title="bbox 0 0 1504 5320">
    <p class='ocr_par' dir='ltr' id='par_1_7' title="bbox 0 0 1504 5320">
     <span class='ocr_line' id='line_1_38' title="bbox 0 0 1504 5320; baseline 0 0"><span class='ocrx_word' id='word_1_300' title='bbox 0 0 1504 5320; x_wconf 95' lang='lat' dir='ltr'><strong> </strong></span> 
     </span>
    </p>
   </div>
  </div>
 </body>
</html>
