3044 5316
436 380 518 443 ms.
553 385 646 445 car.
683 351 795 446 2⁴26.
1148 389 1176 486 9

9 609 12 738 p
107 582 326 672 tinterim
355 581 582 658 dissensione
617 591 703 659 orta
735 586 835 660 inter
869 582 1071 680 Achillan,
1113 591 1179 688 qui
1209 623 1215 636 ·

9 743 10 754 .
65 708 235 776 veterano
262 701 444 776 exercitui
461 707 651 802 praeerat,
670 709 710 776 et
728 702 932 794 Arsinoen,
958 707 1071 806 Regis
1088 708 1179 781 Pto·

64 819 187 895 lemaei
216 824 401 894 minorem
426 819 563 911 filiam,
590 827 635 894 ut
661 843 774 920 supra
789 821 1088 928 demonstratum
1107 835 1180 921 est,

9 963 10 1002 3
64 959 173 1030 quum
201 940 361 1033 uterque
387 937 541 1033 utrique
567 934 808 1010 insidiaretur
834 943 873 1011 et
899 963 1089 1014 summam
1104 943 1179 1015 im-

62 1051 146 1149 perii
172 1053 251 1151 ipse
279 1053 449 1126 obtinere
484 1051 621 1142 vellet,
645 1059 901 1153 praeoccupat
926 1057 1083 1130 Arsinoe·
1112 1083 1179 1158 per

64 1167 299 1262 Ganymeden
327 1169 567 1258 eunuchum,
593 1167 799 1242 nutricium
826 1193 955 1260 suum,
981 1175 1097 1268 atque
1124 1174 1180 1246 A·

9 1327 11 1434 p
62 1283 190 1358 chillan
208 1285 400 1360 interficit.
439 1288 523 1358 Hoc
541 1286 690 1376 occiso,
707 1287 787 1386 ipsa
812 1287 890 1360 sine
917 1285 994 1360 ullo
1012 1291 1115 1364 socio
1140 1297 1180 1365 et

9 1435 10 1478 ι
62 1401 211 1474 custode
239 1425 351 1474 omne
378 1401 578 1501 imperium
606 1401 826 1487 obtinebat;
846 1403 1035 1475 exercitus
1054 1405 1179 1501 Gany·

61 1513 149 1586 medi
178 1517 407 1591 transditur:
434 1519 485 1608 is,
511 1523 687 1616 suscepto
714 1513 862 1606 officio,
886 1516 1124 1615 largitionem
1140 1521 1180 1593 in

59 1628 189 1704 milites
216 1639 354 1731 auget,
381 1633 524 1730 reliqua
549 1634 630 1732 pari
657 1631 849 1733 diligentia
876 1631 1126 1708 administrat.

104 1746 138 1816 5.
167 1745 395 1820 Alexandria
421 1755 479 1822 est
513 1747 589 1821 t'ere
621 1755 702 1822 tota
737 1747 930 1836 subfossa,
970 1771 1178 1846 specusque

60 1857 167 1933 habet
195 1861 243 1933 ad
270 1861 399 1935 Nilum
419 1866 670 1963 pertinentes,
687 1864 823 1961 quibus
840 1885 937 1959 aqua
955 1863 993 1934 in
1012 1863 1180 1961 privatas

61 1974 186 2050 domos
214 1979 429 2068 inducitur,
447 2003 543 2078 quae
561 1980 756 2080 paullatim
782 1981 903 2080 spatio
929 1981 1110 2078 temporis
1132 1980 1180 2054 li-

61 2093 201 2185 quescit
219 2119 263 2165 ac
278 2094 448 2168 subsidit.
493 2097 574 2168 Hac
602 2097 660 2168 uti
687 2094 829 2169 domini
848 2094 1103 2170 aedificiorum
1125 2101 1181 2167 at-

62 2225 124 2298 que
152 2229 289 2278 eorum
316 2208 479 2284 familiae
519 2219 826 2284 consueverunt:
853 2233 964 2299 riam,
991 2233 1087 2307 quae
1113 2207 1182 2281 flu·

62 2322 153 2394 mine
190 2323 277 2396 Nilo
313 2324 459 2417 fertur,
493 2327 586 2400 adeo
614 2335 671 2401 est
698 2326 831 2400 limosa
865 2334 978 2424 atque
1005 2327 1181 2418 turbida,

63 2444 100 2510 ut
123 2439 269 2512 multos
297 2443 496 2541 variosque
522 2445 676 2518 morbus
702 2441 867 2518 efficiat:
896 2443 960 2517 sed
987 2469 1029 2517 ea
1056 2443 1181 2544 plebes

60 2581 99 2628 ac
124 2559 332 2633 multitudo
351 2569 531 2634 contenta
552 2569 610 2636 est
627 2563 853 2648 necessario,
870 2562 971 2661 quod
991 2563 1073 2635 fons
1093 2564 1183 2637 urbe

61 2677 138 2748 tota
153 2675 281 2749 nullus
295 2682 365 2751 est.
407 2680 492 2752 Hoc
511 2686 639 2752 tanim
658 2678 799 2752 llumen
826 2681 865 2752 in
891 2705 935 2751 ea
956 2687 1064 2778 parte
1083 2681 1185 2754 urbis

9 2857 10 2890 3
60 2796 163 2880 erat,
200 2815 296 2888 quae
333 2793 380 2866 ab
416 2793 677 2867 Alexandrinis
714 2793 924 2868 tenebatur.
975 2797 1061 2886 Quo
1082 2795 1184 2868 facto

9 2909 10 2958 l
60 2913 113 2981 est
138 2909 357 2983 admonitus
384 2911 648 3006 Ganymedes,
680 2937 786 3010 posse
821 2919 969 2986 nostros
1004 2939 1101 3012 aqua
1128 2915 1185 2985 in-

60 3025 248 3114 tercludi3
289 3029 380 3126 qui,
428 3029 913 3104 distributi·munitionum
957 3036 1185 3104 tuendarum

61 3169 220 3234 caussa,
248 3147 403 3220 vicatim
431 3171 479 3220 ex
507 3149 663 3246 privatis
690 3149 891 3240 aedificiis,
925 3151 1109 3250 specubus
1141 3175 1185 3222 ac

61 3267 184 3362 puteis
213 3270 383 3336 extracta
411 3287 507 3363 aqua
537 3266 753 3338 utebantur.

108 3381 146 3452 6.
167 3381 252 3452 Hoc
279 3381 440 3478 probato
460 3380 636 3468 consilio,
654 3405 836 3481 magnum
858 3360 911 3452 ac'
925 3375 1074 3452 difficile
1093 3403 1186 3478 opus

58 3484 291 3599 adgreditur.
327 3497 542 3598 Interseptis
560 3499 661 3570 enirn
680 3500 866 3597 specubus
885 3505 999 3597 atque
1014 3499 1188 3572 omnibus

9 3867 10 3888 ,
57 3845 118 3945 cru
137 3843 173 3877 ra
196 3809 399 3943 dempqnstramm
426 3837 473 3876 est.
502 3825 535 3878 de
563 3823 592 3876 B.
659 3821 822 3942 del'Agad.
841 3823 1023 3878 desiissent.
1043 3841 1066 3891 9.
1085 3823 1189 3893 pert.

9 3909 285 3955 l.,112..
640 3902 808 3944 'et-2.

9 3941 10 4004 l
89 3967 144 4030 ipse
172 3962 224 4011 obt.
251 3961 335 4010 veltet.
352 3979 366 4011 a
385 3959 459 4012 Leid.
481 3977 501 4011 s.
519 3957 593 4012 abest
694 3903 1189 4027 obiectis,canulassubterraneos.Conf.

59 4032 117 4096 ipse.
136 4027 226 4080 Bentl.
245 4027 311 4079 velit
346 4032 442 4096 uisque.
661 4025 688 4078 B.
708 4028 738 4078 C.
756 4026 793 4084 3,
820 4037 860 4094 49.
887 4025 1059 4082 Plutarchus,
1089 4024 1121 4075 de
1141 4023 1189 4076 hae

90 4101 118 4148 in
135 4097 243 4147 milites.
269 4047 354 4147 codd.
373 4095 479 4166 quidam
497 4097 525 4146 in
542 4101 593 4148 mi·
661 4115 689 4146 re
712 4097 740 4146 iu
758 4096 812 4144 vita
837 4095 913 4171 Caes.
929 4110 977 4160 cap
1006 4113 1038 4160 ,9
1063 4092 1189 4160 loquens,

58 4162 138 4214 litem.
159 4182 210 4214 nec
227 4164 265 4213 ita
283 4162 359 4214 male.
662 4165 705 4220 τὶς
725 4167 840 4230 διώρυχ;ις
859 4161 936 4212 (llxtl.
955 4163 996 4210 M.
1139 4227 1142 4236 .

91 4231 271 4282 Alexandria.
291 4231 378 4282 Sinam
395 4229 530 4290 locorum,
560 4230 593 4284 de
628 4231 630 4238 '
692 4231 784 4299 plebes.
804 4232 849 4282 Sic
866 4228 944 4280 codd.
962 4236 993 4279 ut
1011 4227 1044 4278 G.
1064 4230 1078 4278 6
1090 4265 1098 4289 ,
1124 4227 1161 4276 ri.

60 4298 157 4367 quibus
185 4296 230 4348 hic
255 4306 282 4348 et
307 4300 334 4348 in
359 4317 414 4368 seq.
435 4317 539 4356 sermo,
567 4307 594 4351 et
693 4303 793 4367 puteis.
812 4298 949 4356 cisternis,
970 4297 995 4344 in
1015 4313 1078 4365 qrras
1098 4315 1111 4343 e
1129 4311 1189 4363 spe·

60 4373 148 4416 totum
176 4364 228 4415 hoc
256 4363 355 4418 bellum
383 4365 595 4418 Alexandrinum
662 4365 745 4419 cubus
764 4365 876 4417 dellusit
893 4383 959 4434 aspira
981 4366 1042 4414 iimo
1060 4371 1193 4434 purgata,

60 4435 160 4503 egregie
178 4432 303 4484 inlustrat
326 4432 443 4503 Bonamy
461 4437 490 4485 in
513 4435 595 4486 Mem.
663 4443 694 4485 ut
712 4435 740 4484 in
757 4434 790 4488 iis
807 4443 959 4486 seruaretur.
979 4432 1019 4480 M.

165 4525 324 4608 emus.
351 4531 547 4647 Commeat.
575 4529 683 4606 Turn.
705 4533 751 4606 ΙΙ.
1006 4529 1038 4600 Β
