3044 5316
442 349 521 413 uo.
557 349 650 410 car.
694 353 732 414 1.
766 350 809 408 2.
1116 353 1172 447 77

64 573 134 646 que
151 545 333 638 ostendit,
346 572 425 625 sese
442 575 555 624 naves
570 551 664 624 velle
682 551 951 642 conscendere,
968 575 1085 650 quum
1099 576 1175 630 noo

64 663 223 762 amplius
240 663 428 764 legionem·
442 667 608 742 tironum
626 667 781 744 haberet
802 695 931 762 unam,
949 672 1089 768 equites
1108 671 1173 744 vix

64 785 270 852 sexcentos.
297 780 599 862 Tabernaculum
615 783 819 858 secundum
838 783 926 857 litus
945 787 1066 882 ipsum
1085 807 1181 862 con-

63 899 206 986 stituit,
224 903 269 970 ut
287 921 403 996 prope
429 895 566 978 fluctus
595 900 819 974 verberaret.
853 901 946 992 lloc⁸
961 926 1005 975 eo
1024 901 1197 974 consilio.

8 1095 9 1112 ἢ
62 1011 174 1100 fecit,
200 1036 247 1084 ne
265 1013 347 1107 quis
365 1013 432 1086 sibi
454 1037 580 1086 morae
607 1015 810 1112 quidquam
829 1015 907 1088 lore
935 1021 1120 1114 speraret,
1138 1021 1178 1090 et

62 1133 104 1198 ut
120 1151 255 1200 omnes
271 1129 309 1198 in
327 1126 404 1233 dies
433 1127 617 1226 horasque
643 1133 764 1228 parati
791 1139 924 1207 essent.
964 1133 1100 1206 Incidit
1116 1157 1181 1232 pec

8 1253 9 1256 ’
61 1240 97 1316 id
122 1247 298 1342 tempus,
333 1247 377 1320 ut
403 1237 644 1340 tenipestates
671 1243 718 1316 ad
745 1245 999 1344 navigandum
1031 1244 1182 1326 idoneas

8 1451 9 1456 Ἰ
62 1381 134 1428 oon
153 1357 332 1443 haberet;
358 1355 472 1432 nihilo
492 1365 620 1435 tamen
647 1361 770 1434 minus
788 1363 825 1436 in
844 1363 1003 1436 navibus
1021 1365 1180 1462 remiges

8 1463 9 1486 ¹
62 1469 277 1568 militesque
303 1471 493 1548 continere
512 1479 553 1546 el
576 1473 717 1548 nullam
744 1455 1043 1574 praetermittere
1070 1499 1183 1549 occa·
1223 1483 1229 1507 '

61 1589 204 1660 sionem
225 1589 483 1686 profectionis;
511 1615 628 1686 quum
649 1594 867 1689 praesertim
886 1593 932 1666 ab
951 1591 1082 1666 incolis
1102 1593 1183 1666 eius

61 1707 280 1804 provinciae
302 1708 570 1780 nunciarentur
596 1707 890 1782 adversariorum
910 1711 1059 1810 copiae,
1078 1710 1185 1807 equi-

8 1823 9 1844 ³
62 1826 166 1892 tatus
184 1820 375 1908 infinitus,
399 1819 564 1922 legiones
581 1823 718 1922 Regiae
745 1830 928 1920 quatuor,
947 1823 1039 1898 levis
1059 1847 1185 1900 arma·-

61 1943 170 2018 tnrac
189 1961 328 2036 magna
346 1937 422 2022 vis,
449 1937 632 2038 Scipionis
651 1936 813 2037 legiones
832 1939 981 2030 decern,
1007 1939 1185 2038 elephan-

8 2049 9 2052 ’
64 2054 90 2125 ti
112 2055 230 2142 CXX,
247 2051 455 2152 classesque
475 2077 553 2134 esse
571 2051 801 2152 complures;
824 2061 950 2129 tamen
971 2079 1045 2128 non
1064 2055 1183 2130 deter-

63 2171 238 2253 rebatur,
266 2170 465 2266 animoque
484 2175 522 2250 et
542 2193 604 2266 epe
623 2167 847 2248 confidebat.
883 2151 1036 2244 lnterirn
1050 2173 1088 2244 ia
1105 2171 1182 2244 dies

63 2292 100 2356 et
122 2291 242 2356 naves
258 2281 391 2380 longae
418 2282 593 2384 adaugeri
612 2290 651 2362 et
670 2283 859 2360 onerariae
886 2285 1096 2384 complures
1113 2307 1181 2358 eo-

63 2400 148 2484 dem
171 2423 395 2478 concurrere
414 2407 452 2472 et
469 2398 632 2499 legiones
651 2401 815 2476 tironum
836 2403 1057 2492 convenire,
1070 2403 1108 2474 in
1128 2402 1184 2476 his

60 2526 242 2594 veterana
259 2515 356 2614 legio
376 2517 530 2614 quinta,
546 2518 715 2612 equitum
735 2515 780 2588 ad
800 2515 874 2588 duo
894 2515 1008 2596 milia.

108 2659 147 2703 2.
199 2630 425 2729 legionibus
461 2629 639 2712 conlectis
667 2654 733 2706 sex
765 2635 803 2704 et
833 2631 1002 2728 equiturn
1036 2629 1185 2704 duobus

59 2745 240 2834 milibus,
269 2751 311 2818 ut
336 2767 504 2840 quaeque
532 2747 650 2842 prima
675 2743 771 2844 legio
802 2751 973 2834 venerat,
1000 2745 1038 2816 in
1066 2767 1185 2818 neves

58 2857 195 2956 longas
213 2857 482 2956 inponebatur‚
506 2861 648 2955 equites
667 2867 795 2930 autem
822 2860 860 2937 in
882 2857 1081 2932 onerarias.
1127 2859 1186 2932 lta

63 2977 254 3048 maiorem
274 2979 419 3072 partem
437 2975 592 3046 navium
611 2973 828 3046 antecedere
840 2975 947 3048 iussit
967 2981 1006 3048 et
1023 2973 1185 3048 insulam

63 3095 198 3185 petere
226 3090 482 3186 Aponianam,
508 3111 602 3186 quae
622 3112 697 3160 non
724 3087 829 3162 abest
845 3113 867 3160 a
883 3087 1078 3182 Lilybaeo:
1105 3091 1186 3188 ipse

91 3310 206 3374 equites,
223 3303 308 3370 Vulgo
324 3308 476 3372 equitesque!

92 3386 144 3424 vet.
168 3371 234 3440 legio
251 3376 349 3439 quinto.
368 3371 435 3422 Haec
452 3371 535 3438 legio,
548 3372 592 3436 lue

61 3441 117 3491 dice
143 3435 314 3494 Guischardo
332 3437 360 3488 in
383 3438 463 3488 Mem.
484 3439 542 3489 crit.
565 3456 593 3508 p.

61 3505 120 3570 317.
148 3524 186 3557 ex
208 3507 241 3556 iis
265 3505 328 3561 fuit,
347 3523 413 3574 quas
432 3524 481 3556 suo
501 3513 593 3559 sumtu

60 3573 163 3626 Caesar
179 3573 367 3640 conscripserat
382 3573 410 3622 in
428 3570 515 3628 Gallia
527 3579 593 3622 teste

62 3640 199 3708 Suetonio
223 3658 245 3704 e.
271 3648 310 3708 24.
338 3640 385 3708 qui
408 3657 466 3690 earn
490 3637 594 3692 Gallico

61 3705 201 3760 vocabulo
223 3706 355 3773 Alaudum
383 3705 481 3767 dictam
506 3705 593 3769 relect.

62 3772 249 3839 Guischerdus
261 3792 307 3842 per
316 3773 407 3843 ¹iocrnn
424 3767 465 3823 vel
478 3771 595 3822 invidiae

62 3839 206 3893 faciendae
218 3859 304 3891 caussa
316 3841 353 3891 sic
364 3841 529 3904 nominatam
538 3857 595 3908 per-

66 3909 156 3960 hibet.
177 3906 258 3976 dpud
274 3906 426 3966 Ciceronem
440 3906 467 3958 id
479 3905 595 3961 nominis

64 3979 120 4026 iam
139 3971 258 4026 occurrit
273 3965 340 4042 Phil.
363 3989 394 4032 1,
423 3975 446 4024 8.
466 3977 496 4032 5,
523 3977 545 4022 5.
563 3971 596 4024 ad

8 4045 9 4050 ’
61 4047 126 4094 nn.
146 4060 192 4112 ep.
221 4043 269 4100 16,
291 4045 315 4093 8.
338 4037 382 4090 Cf.
400 4047 427 4090 et
443 4039 549 4112 Gruter.
568 4057 594 4120 p.

8 4177 10 4220 l

101 4128 223 4224 insultem
260 4172 430 4240 Aponianam,
474 4171 597 4240 Gloverio

69 4240 168 4308 (Sicil.
186 4257 217 4296 ι,
236 4243 281 4301 15)
299 4237 401 4291 videtne
417 4241 518 4308 Aegina
530 4252 598 4300 esse,

69 4329 125 4358 una
146 4326 162 4358 e
179 4305 286 4363 tribus,
306 4323 372 4375 qrrae
391 4305 511 4358 obiacent
528 4305 598 4374 Lily·

70 4375 152 4444 baeo.
166 4373 221 4428 Alii
237 4373 379 4444 Paeoniam
396 4373 539 4440 Ptolemaei
556 4391 602 4450 pg-

659 3310 719 3356 tant
735 3320 802 3364 esse,
822 3319 890 3372 quoe
907 3319 967 3357 vero
984 3299 1086 3371 longius
1103 3321 1118 3355 a
1135 3301 1184 3354 Li-

661 3369 770 3440 lybaeo,
798 3378 826 3420 et
842 3377 914 3420 extre
938 3371 1007 3425 viam
1033 3369 1186 3433 Africanam

660 3439 712 3490 sita
723 3446 771 3488 est.
785 3435 883 3488 Celtar.
895 3435 927 3486 In
939 3435 997 3488 cod.
1008 3435 1083 3490 Laid,
1097 3437 1198 3506 primo·

660 3506 824 3572 Apononiam
841 3502 957 3571 legitur,
975 3511 1040 3556 teste
1062 3503 1185 3558 Oudend.

661 3569 839 3626 Goischardus
861 3570 1019 3636 (Menoetes
1046 3571 1184 3623 militaires

662 3639 685 3690 Τ
687 3641 694 3688 2
708 3658 731 3692 2.
748 3657 778 3758 ἓ
797 3640 859 3702 247)
878 3657 931 3692 esse
945 3646 1103 3718 petulcam,
1116 3656 1183 3708 quae

661 3723 731 3760 none
769 3704 911 3772 lavaguana
928 3703 1034 3758 dicitur,
1052 3705 1095 3756 M.

695 3791 760 3840 quae
771 3791 823 3834 reon
838 3773 932 3832 abacta
942 3773 1073 3838 Lilybaeo.
1093 3769 1185 3822 Lectio

661 3835 1188 3964 ttttttattltdttt·„lttlltt

663 3975 693 4024 io
717 3971 776 4024 aliis
800 3990 861 4024 vero
884 3959 965 4024 etiam'
985 3921 1024 4022 eir
1049 3987 1096 4040 pro
1119 3939 1190 4022 uberi

663 4039 765 4108 legitur.
776 4038 829 4098 Sed
838 4037 906 4088 nihil
915 4037 1009 4088 horum
1020 4037 1186 4155 l‘erridiotest.

664 4107 732 4174 Ergo
749 4104 789 4156 vel
813 4123 870 4157 cum
893 4103 1015 4156 Cluverio
1032 4113 1059 4156 et
1098 4102 1188 4160 ellario

665 4173 778 4240 legetur:
807 4189 873 4240 quae
898 4189 950 4220 non
974 4171 1050 4249 longe
1072 4171 1141 4223 abest
1169 4192 1187 4224 a

666 4239 808 4304 Lilybaeo:
837 4235 879 4288 vel
907 4255 969 4290 cum
996 4237 1136 4290 Cracconio
1164 4248 1191 4292 ct

668 4307 775 4374 Davisio
787 4304 922 4366 dicemus,
940 4305 967 4355 in
985 4303 1033 4358 illo
1047 4323 1098 4355 non
1111 4303 1191 4358 latere

668 4373 771 4442 niimeri
801 4381 912 4438 notam,
940 4389 1005 4444 quae
1035 4371 1191 4451 distantiam
