3030 5318
245 471 249 480 ,
361 348 448 446 116
549 380 587 452 s,
622 379 761 440 nrnrn
795 379 852 443 nn
888 379 1023 438 snnno
1058 373 1273 436 srnrcnuo

353 611 441 663 cum
467 607 577 666 saxea
603 583 780 685 grandine
806 582 931 656 subito
958 589 1015 656 ost
1040 589 1195 656 exortus
1217 583 1375 683 ingenss·
1405 583 1461 656 Ad

353 702 427 776 hoc
461 686 589 776 autem
622 697 904 774 incommodum
939 705 1175 790 accesserat,
1198 700 1307 796 qood
1334 699 1467 776 Caesar

353 843 429 892 non
467 841 572 890 more
615 817 849 914 superiorum
888 818 1190 916 Imperatorum,
1228 816 1267 887 in
1307 815 1466 890 hibernis

221 937 225 946 ’
295 1004 300 1008 .
355 937 564 1010 exercitum
592 935 832 1021 continebat,
857 932 922 1006 sed
948 934 985 1006 in
1012 933 1124 1006 tertio
1151 921 1371 1030 quartoque
1390 931 1462 1019 die,

354 1049 590 1154 procedendo
629 1050 856 1150 propiusque
896 1048 1057 1122 hostem·
1077 1047 1315 1136 accedendo,
1345 1054 1463 1121 castra

355 1167 662 1251 communiebat;
697 1187 883 1264 opereque
916 1163 1115 1249 faciendo,
1149 1163 1286 1242 milites
1320 1188 1357 1236 se
1393 1165 1461 1236 cir·

357 1282 625 1382 cumspicicndi
653 1305 728 1354 non
754 1279 946 1354 habebant
971 1279 1203 1356 facultatem.
1276 1282 1469 1355 Praeterea

356 1399 411 1472 ita
437 1422 483 1472 ex
509 1395 635 1470 Sicilia
662 1397 870 1467 exercitum
897 1401 1247 1497 transportaverat,
1273 1400 1342 1484 ut,
1369 1419 1469 1493 prae·

357 1523 418 1590 ter
444 1515 566 1620 ipsum
593 1511 753 1586 militem
779 1517 820 1596 et
846 1536 971 1600 arma,
989 1535 1108 1610 neque
1127 1535 1214 1602 vas,
1233 1536 1352 1609 neque
1371 1537 1470 1598 man·

358 1632 527 1730 cipinm,
571 1652 690 1728 neque
726 1625 841 1700 ullam
879 1651 983 1717 rem,
1021 1653 1116 1726 quae
1151 1653 1219 1702 usu
1251 1627 1360 1701 militi
1399 1651 1469 1699 esse

359 1745 577 1832 consuevit,
600 1745 638 1818 in
666 1765 778 1816 naves
802 1741 929 1840 inponi
948 1745 1153 1841 pateretur.
1199 1745 1242 1819 ln
1259 1742 1386 1817 Africa
1410 1766 1472 1814 au-

359 1863 439 1932 tem
467 1881 541 1928 non
569 1855 682 1961 modo
708 1855 776 1927 sibi
805 1855 1011 1952 quidquam
1037 1882 1111 1930 non
1139 1857 1391 1954 adquisierant
1408 1859 1469 1927 aut

362 1975 610 2070 paraverant;
644 1969 708 2042 sed
744 1971 859 2042 etiam
892 1977 1045 2069 propter
1069 1996 1245 2088 ponorrae
1282 1971 1470 2048 caritatem

365 2099 453 2167 ante
473 2093 604 2186 parata
621 2093 918 2160 consumserant.
962 2089 1108 2182 Quibus
1129 2091 1241 2162 rebus
1268 2088 1471 2175 adtenuati,

366 2203 503 2302 oppido
535 2224 715 2302 perquam
742 2201 852 2300 pauci
879 2201 948 2272 sub
979 2201 1136 2300 pellibus
1162 2203 1471 2299 adquiescebant3

365 2319 521 2416 reliqui,
548 2343 594 2393 ex
620 2313 854 2390 vestimentis
880 2317 1089 2390 tentoriolis
1108 2319 1217 2392 factis
1241 2325 1354 2417 atque
1374 2343 1473 2392 arun·

367 2433 515 2519 dinibus
540 2433 736 2546 scopisque
762 2433 969 2522 contextis,
994 2433 1276 2532 permanebant.
1326 2432 1473 2531 Itaque,

958 2671 1016 2732 cis,
1046 2675 1074 2724 r'n
1100 2670 1203 2739 Africa.
1232 2670 1292 2723 Etsi
1316 2671 1391 2732 scio,
1419 2669 1475 2721 talia

368 2669 394 2723 3.
418 2689 497 2741 quam
524 2672 715 2724 nanciscimon
737 2671 824 2750 potui.
848 2671 891 2724 M.

958 2739 1115 2810 permutari3
1129 2737 1207 2790 debet
1221 2745 1307 2789 tanim
1320 2757 1376 2790 esse
1390 2737 1474 2788 modus

368 2737 549 2791 Gnischardus
566 2739 593 2788 in
612 2739 692 2789 Mem.
710 2748 769 2790 cnt.
788 2757 815 2808 p.
833 2741 891 2806 389.

368 2807 464 2858 itidem
475 2805 523 2857 XI.
536 2805 603 2860 Nov.
616 2806 742 2872 adsignet.
756 2797 892 2875 Vugilioe,

369 2873 464 2924 rectius
497 2873 637 2940 Vergiliae.
666 2873 729 2924 alias
765 2873 893 2926 Pleiades.

368 2937 440 2990 Loco
457 2948 548 2990 nostro
565 2939 673 3007 quidam
691 2939 769 2992 codd)
791 2939 893 2992 habent

370 3006 530 3073 vigiliarum,
548 3005 620 3075 qood
643 3005 784 3059 Goduinus
797 3017 893 3060 umere

302 3091 307 3108 .
369 3081 538 3188 propugnat,
562 3081 651 3142 'quum
678 3083 805 3144 aequatur
833 3079 893 3127 aba.

370 3144 421 3210 vigi
432 3159 458 3190 ra
475 3139 592 3204 secunda.

403 3253 484 3298 saxeo
508 3235 643 3304 grandine.
676 3231 733 3294 Alii
760 3252 894 3286 saxorum.

370 3301 467 3353 Forsan
485 3301 588 3374 pondus
605 3300 739 3370 molesque
758 3301 894 3419 grandinis

370 3388 428 3448 cunr
450 3371 519 3422 saxis
535 3369 740 3424 similitudinem
779 3388 828 3447 anc
846 3388 892 3440 pe-

371 3435 896 3574 lltlsdttdad‘,ttt'tilttl

371 3579 462 3622 nostro
490 3588 554 3624 aevo
580 3569 604 3636 la
627 3571 684 3622 idea
712 3569 800 3641 pluvia
829 3571 895 3623 sudo

372 3653 476 3708 quoque
492 3636 564 3698 coelo
581 3589 720 3694 celebrata·
771 3641 773 3648 ’

406 3749 418 3780 s
467 3733 566 3786 riorum
581 3732 678 3801 Imper.
704 3732 848 3786 Mardand.
867 3735 896 3796 in

372 3797 476 3866 Enpic.
500 3807 564 3850 vett.
593 3808 674 3852 euctt.
704 3817 730 3870 p.
760 3817 818 3868 ²79·
846 3800 897 3870 legi

373 3865 475 3920 mavult
491 3884 546 3944 sup.
564 3877 714 3933 temporum.
752 3867 826 3918 Idem
843 3871 898 3920 inm

374 3930 543 4002 Glandorpro
558 3939 647 3989 visum
664 3943 728 3986 erat.
746 3935 789 3986 M.

407 4033 435 4080 in
451 4034 529 4082 tertio
546 4039 595 4084 etc.
612 4031 718 4084 Praeter
736 4049 836 4099 morem
852 4029 899 4089 bic

374 4098 543 4168 praepositio.
555 4097 676 4158 Clarkius
681 4097 758 4154 malit
764 4112 898 4168 quartove.

408 4208 463 4241 nen.
490 4189 604 4245 Delirus
621 4209 670 4262 pro
686 4194 750 4244 roni.
781 4191 898 4246 ctnot.

377 4254 412 4308 ad
429 4255 463 4311 G.
484 4273 513 4338 ξ,
533 4261 571 4310 1⁶.

409 4349 442 4402 In
470 4353 595 4422 Africam.
625 4353 669 4407 Sic
686 4353 793 4426 quidem
811 4352 898 4424 plnres

346 4489 348 4496 X
377 4412 479 4478 codices
490 4433 501 4485 3
518 4421 564 4476 sed
576 4419 668 4474 malim
678 4439 750 4476 nunc
761 4439 823 4476 cnm
834 4439 899 4493 pau·

959 2813 987 2868 et
1015 2807 1083 2874 ratio
1110 2806 1345 2875 permutationis!
1366 2823 1429 2876 qnae
1456 2805 1475 2854 si

959 2891 1015 2936 oon
1033 2881 1090 2930 est,
1113 2874 1207 2924 vitium
1225 2881 1284 2933 est,
1306 2891 1361 2926 non
1381 2891 1476 2942 permn-

958 2941 1035 2994 ratio.
1061 2940 1103 3003 M.
1133 2940 1235 3010 Sequor
1252 2939 1407 3000 Clarkium,
1435 2940 1475 3010 qui

959 3009 1056 3070 vitium
1067 3006 1184 3059 sustulit.
1201 3007 1272 3062 ond.
1285 3012 1312 3060 in
1329 3006 1387 3060 heic
1399 3007 1475 3059 reddit

959 3080 1103 3146 perintra.

914 3217 916 3221 ,
995 3189 1027 3239 op
1047 3169 1090 3220 ido
1111 3189 1237 3239 perquem
1255 3173 1338 3237 pauci.
1367 3169 1419 3223 Pro
1441 3168 1492 3247 lrisp

961 3257 1034 3300 omar
1056 3257 1086 3290 us
1104 3257 1117 3304 e
1134 3236 1190 3290 cod.
1219 3236 1294 3299 Laid.
1312 3238 1400 3306 primo
1416 3236 1475 3304 lege-

961 3314 1026 3384 tpr,
1043 3324 1120 3384 qnam
1135 3309 1227 3371 panai,
1246 3304 1273 3383 h,
1291 3324 1312 3356 e.
1324 3323 1476 3422 ¹quamdpqu·

960 3391 1069 3434 mammu-
1103 3371 1231 3442 Exempla
1249 3371 1349 3422 vrd.1n
1380 3373 1411 3422 ln
1432 3387 1475 3418 .1n

961 3459 1048 3508 quam.
1066 3439 1122 3496 Hoc
1133 3438 1201 3492 alius
1219 3438 1361 3510 explicavit
1380 3458 1424 3508 per
1440 3455 1475 3503 op·

958 3507 1123 3588 pido'pauor}
1138 3503 1205 3583 alius
1217 3505 1351 3584 adscripto
1361 3521 1475 3580 perquam

959 3572 1232 3705 massus.
1245 3579 1475 3710 'aarum

959 3727 1085 3780 ruem
1099 3712 1182 3776 rauci·
1199 3709 1243 3766 M·

996 3821 1086 3886 scopia.
1103 3816 1135 3866 ln
1147 3815 1271 3868 Leidensi
1289 3815 1376 3884 primo
1393 3821 1431 3866 cst
1441 3830 1474 3863 oo-

981 3889 1029 3944 ἰίε,
1046 3883 1119 3952 quod
1136 3900 1241 3950 sensum
1258 3901 1313 3932 non
1330 3879 1412 3932 babet
1422 3895 1430 3945 3
1452 3880 1476 3928 in

988 3953 1039 4004 eid.
1064 3969 1114 4002 sec.
1138 3955 1234 4009 coriis5
1263 3948 1310 4001 sed
1342 3951 1417 4006 ,aneis
1437 3945 1476 3996 illo

963 4027 1082 4089 tempore
1091 4017 1173 4090 pelles
1185 4025 1211 4070 et
1221 4018 1289 4069 coria
1301 3967 1474 4085 subpetebant:

964 4088 992 4138 in
1011 4085 1070 4138 edd.
1088 4093 1157 4136 antt.
1175 4095 1216 4137 est
1231 4084 1385 4134 arundinum
1401 4083 1476 4148 copiis,

965 4171 1030 4226 qnae
1047 4153 1126 4212 lectio
1142 4160 1283 4222 utcumque
1300 4149 1363 4202 ferri
1381 4155 1477 4220 posset,

965 4221 1019 4272 nisi
1046 4219 1075 4270 in
1103 4219 1180 4272 codd.
1210 4218 1353 4282 omnibus,
1385 4223 1477 4287 praeter

965 4305 1065 4344 unum,
1081 4288 1245 4336 arrmdinlbos
1258 4283 1420 4338 scriberetur.
1436 4281 1477 4331 Est

965 4371 1025 4422 ergo
1053 4353 1202 4404 verisimilis
1232 4351 1317 4422 lripsii
1348 4351 1400 4414 (de
1428 4345 1474 4397 mil.

965 4421 1041 4476 Rom.
1068 4427 1098 4489 5,
1120 4426 1157 4486 5)
1182 4422 1292 4492 opinio,
1315 4421 1358 4474 cui
1385 4417 1476 4474 viderur
