3044 5316
378 355 438 450 60
562 389 602 448 a,
638 345 776 447 ulain
810 384 866 443 on
902 379 1037 442 nacto
1072 375 1293 443 spaxano.

374 589 568 666 ferendum
596 589 845 673 existimavit,
872 612 965 686 quas
991 588 1029 660 in
1055 583 1272 685 provincias
1302 585 1495 686 regiones-

375 731 448 805 que
474 705 654 794 venisset,
680 728 741 776 eas
766 706 822 776 ita
847 703 1057 801 relinquere
1082 698 1332 787 constitutas,
1359 705 1404 809 ut
1431 701 1495 771 do-

374 825 540 899 mesticis
574 823 861 916 dissensionibus
894 823 1165 910 liberarentur,
1203 823 1286 892 iura
1319 818 1496 918 legesque

373 943 608 1042 acciperent,
633 951 879 1016 externorum
904 943 1069 1014 hostiurn
1088 949 1234 1013 metum
1251 941 1496 1038 deponerent.

373 1055 541 1128 Haecin
567 1057 695 1151 Syria,
721 1056 870 1146 Cilicia,
896 1057 985 1130 Asia
1019 1057 1192 1128 celeriter
1220 1079 1260 1126 se
1301 1053 1496 1126 confectu-

373 1193 460 1242 rum
482 1171 681 1268 sperabat,
708 1170 810 1268 quod
835 1171 905 1244 bae
931 1175 1148 1271 provinciae
1174 1169 1278 1242 nullo
1296 1167 1394 1240 bello
1413 1193 1509 1266 prem

287 1261 293 1284 ⁴
373 1286 587 1362 tuebantur.
645 1287 687 1358 lu
713 1287 888 1382 Bithynia
913 1314 958 1362 ac
985 1291 1108 1362 Ponto
1133 1286 1218 1387 plus
1244 1288 1365 1381 operis
1394 1289 1497 1359 vido

372 1400 447 1492 bat,
466 1399 541 1524 pilii
560 1395 785 1503 inpendere;
809 1427 885 1476 nun
911 1405 1011 1478 enim
1027 1408 1225 1478 excessisse
1243 1405 1365 1476 Ponto
1379 1404 1509 1492 Phar<

373 1541 510 1605 nacqm
536 1521 726 1610 audierat,
752 1543 872 1618 neque
900 1543 1139 1594 excessurum
1167 1517 1349 1618 potabat,
1376 1543 1509 1617 quoin,

375 1631 539 1732 secundo
566 1638 707 1738 proelio
726 1637 967 1712 vehementer
985 1645 1081 1742 esset
1100 1636 1272 1724 inflatus,
1292 1637 1391 1734 qood
1406 1664 1497 1710 con·

374 1757 435 1826 tra
463 1754 671 1825 Domitium
697 1752 900 1826 Calvinum
925 1753 1080 1826 fecerat.
1132 1753 1399 1826 Commoratus
1420 1753 1496 1827 fere

374 1867 415 1940 in
442 1867 615 1939 omnibus
629 1867 880 1957 civitatibus,
906 1893 1002 1966 quae
1029 1870 1171 1941 maiore
1188 1872 1277 1940 sont
1294 1865 1495 1964 dignitate,

376 1981 543 2080 praemia
568 1982 662 2054 bene
689 1982 832 2055 meritis
857 1989 896 2056 et
923 1985 1067 2056 viritim
1092 1989 1132 2056 et
1157 1979 1306 2080 publice
1341 1979 1509 2052 tribuitt'

377 2095 424 2170 de
450 2100 715 2172 controversiis
743 2099 932 2172 veteribus
958 2100 1155 2198 cognoscit
1178 2124 1223 2170 ac
1249 2097 1401 2170 statuit:
1426 2098 1509 2168 Ite-¹

373 2231 456 2310 ges,
489 2216 691 2306 tyrannos,
721 2215 910 2310 Dyuastas
941 2217 1181 2314 provinciae,
1208 2213 1495 2310 finitumosque,

267 2411 275 2432 Ι
375 2329 439 2426 qui
467 2353 596 2402 omnes
621 2329 668 2403 ad
694 2353 783 2404 eum
809 2339 1099 2421 concurrerant,
1116 2338 1288 2430 receptos
1306 2333 1344 2403 in
1363 2329 1498 2419 fidern,

376 2445 653 2522 conditionibus
678 2448 847 2548 inpositis
873 2451 1088 2548 provinciae
1114 2447 1277 2520 tuendae
1304 2473 1348 2520 ac
1359 2446 1497 2518 defen-

375 2563 538 2654 denelae,
562 2565 739 2659 dimittit,
764 2575 805 2641 et
829 2569 898 2642 sibi
926 2574 966 2642 et
990 2564 1135 2665 Populo
1153 2563 1326 2643 Romano
1346 2567 1498 2644 amicis-

376 2707 500 2756 simos

427 2794 489 2868 66.
515 2797 649 2871 Paucis
676 2797 806 2873 diebus
823 2798 862 2872 in
880 2824 923 2873 ea
941 2798 1134 2900 provincia
1150 2795 1391 2886 comsomtis,
1411 2797 1497 2870 Sex.

375 2911 590 2998 caesarem,
618 2917 782 2988 amicum
809 2923 849 2988 et
867 2919 1114 2989 necessarium
1134 2939 1263 3005 snum,
1290 2913 1499 3014 legionibus

376 3029 580 3128 Syriaeque
606 3031 796 3128 praeficit3
822 3033 900 3131 ipse
926 3030 1055 3106 eadem
1077 3031 1210 3122 classe,
1228 3055 1302 3129 qua
1321 3039 1500 3121 venerat,

375 3142 630 3242 proficiscitur
655 3145 693 3219 in
710 3147 892 3241 Ciliciam.
957 3147 1073 3220 Cuius
1090 3147 1306 3250 provinciae
1324 3147 1500 3219 civitates

275 3265 277 3270 '
377 3283 507 3336 omnes
525 3269 661 3336 evocat
679 3265 861 3352 Tarsum,
879 3263 979 3362 quod
998 3263 1179 3364 oppidum
1196 3263 1273 3360 fere
1291 3264 1410 3336 totius
1429 3264 1499 3337 Ci-

376 3375 482 3451 liciae
510 3379 1126 3478 nobilissimumfortissimumque
1152 3387 1221 3454 est.
1280 3381 1356 3472 lbi,
1386 3381 1509 3456 rebus¹

356 3543 359 3547 -
378 3497 550 3570 omnibus
565 3499 780 3596 provinciae
797 3503 836 3570 et
855 3495 1115 3570 finitumarum
1133 3497 1334 3572 civitatum
1354 3501 1499 3572 consti-

378 3613 491 3702 tutis,
516 3611 722 3712 cupiditate
753 3611 1009 3714 proficiscendi
1035 3613 1083 3688 ad
1113 3613 1254 3688 bellurn
1291 3615 1498 3716 gerendum

412 3878 643 3966 mmmcmlii.
660 3903 684 3940 c.
702 3897 743 3952 ⁴¹·
761 3887 804 3942 Μ.
967 3889 1048 3944 classe
1059 3891 1187 3962 loquens,
1199 3894 1242 3946 sui
1253 3891 1353 3947 oblitus
1366 3903 1415 3946 est.
1427 3894 1497 3948 Haec

410 3956 525 4021 putatae
543 3954 628 4008 Alus
675 3957 744 4006 ubal.
967 3959 1090 4012 Davisius
1102 3962 1214 4012 monuit.
1234 3961 1352 4013 Fortasse
1363 3965 1509 4032 potuisset¹

403 4019 600 4094 finitumasque.
661 4023 740 4076 dnnd.
751 4022 833 4076 deleri
848 4023 906 4076 vult
967 4025 1041 4092 dici.
1057 4029 1145 4078 eadem
1160 4028 1308 4089 celeritate,
1325 4038 1355 4080 ut
1370 4047 1428 4100 cop.
1448 4030 1496 4082 hoc

379 4102 437 4157 que·
454 4089 539 4142 ltactc.
586 4127 593 4140 .
967 4104 1098 4154 entismo,
1116 4097 1180 4165 quia
1197 4095 1303 4154 Caesar,
1322 4097 1432 4164 cupidus
1447 4099 1509 4149 Ro·¹

413 4154 566 4226 Syriaeque.
594 4157 723 4211 Enclitica
744 4159 853 4212 occurrit
875 4161 904 4211 in
967 4173 1039 4212 lnam
1064 4161 1206 4224 redeundi,
1236 4171 1293 4216 toto
1321 4163 1371 4214 boc
1399 4165 1495 4216 itinera

378 4219 455 4272 codd·
967 4228 1110 4280 seStlncht·
1132 4229 1174 4282 Cf·
1200 4250 1222 4283 c·
1241 4249 1281 4296 71·
1301 4234 1340 4296 ⁷8·
1365 4229 1409 4282 M·
1436 4234 1495 4284 Mo·

413 4287 787 4359 sudandasrcffluavencm.
817 4293 904 4362 Atqui
967 4305 1062 4348 nncrat
1085 4297 1207 4350 Usscrius
1229 4299 1302 4350 Ann.
1320 4297 1355 4349 ad
1372 4315 1395 4348 a.
1419 4303 1494 4368 3957.

379 4363 486 4430 vqnerat
520 4355 614 4408 Cacsar
641 4357 735 4410 itinere
768 4363 902 4412 terrestris
966 4362 1083 4414 lucinius
1094 4363 1141 4436 leg.
1151 4373 1228 4434 potat
1239 4385 1290 4434 qua
1303 4365 1509 4438 Alexandriam

381 4425 417 4476 ol.
437 4437 459 4474 c·
482 4421 524 4479 33.
545 4423 614 4495 Ergo
630 4427 760 4498 scriptor,
780 4443 853 4487 nunc
872 4427 905 4484 de
966 4444 1080 4486 racem.
