3024 5326
354 429 411 490 sn
447 409 619 490 annnvn
648 409 872 486 oinuovu.
1070 385 1158 484 2‘51

109 637 240 702 inmas
266 631 493 716 conflagnntes.
544 631 615 694 Non
641 647 716 709 ergo
739 625 884 701 dubium,
904 624 980 708 quin
1010 623 1092 688 aliud
1119 625 1184 688 bie·

109 731 253 812 seriptum
270 726 371 788 fuerit.
411 723 589 804 Ciaooonius
606 721 774 804 suspicatur
793 717 1017 800 restingaoendss
1037 719 1171 779 larinius

75 877 79 890 .
107 826 267 900 demendi,
287 821 483 893 deodsendi,
501 818 695 902 adaptandi,
723 824 757 876 ut
774 838 801 877 e.
819 813 868 875 33.
888 813 1070 874 Addendum
1088 815 1167 876 foret

109 921 280 1000 quicquam.
320 914 401 978 Mihi
419 913 508 1018 N31..
537 912 654 976 sonan
666 909 840 992 demigrare
851 907 1036 990 simpliciter
1049 917 1094 968 est
1105 907 1174 970 loeo

165 1030 227 1070 ere.

76 1011 310 1193 θῗῧοηειιὶιέ
324 1127 523 1177 sacramento.
546 1113 620 1190 Vox
635 1101 774 1176 Consulis
788 1109 884 1193 glossa
895 1107 1015 1186 videtur
1028 1108 1175 1172 Bentleio.

76 1227 107 1304 6,
126 1226 152 1287 5.
172 1223 258 1308 quod
277 1236 437 1285 meruerat.
471 1222 607 1284 Faernus
626 1219 827 1293 coniectabat,
846 1219 931 1302 quod
953 1221 987 1278 in
1009 1241 1077 1278 eum
1099 1231 1174 1282 eran

114 1322 248 1384 Graecus
268 1315 307 1378 de
326 1317 435 1378 merito
455 1313 527 1378 odio
547 1314 634 1378 nihil.
890 1361 892 1364 -
1151 1379 1153 1388 ¹

112 1413 268 1498 congredi.
282 1411 383 1474 animo
396 1411 533 1496 pacifieo.
562 1411 615 1472 Sic
633 1409 722 1493 plane
742 1409 846 1474 Livius
865 1409 920 1485 38,
938 1410 988 1472 25.
1010 1411 1102 1472 Corn.
1117 1413 1177 1472 Ne-

11 1509 15 1520 ’
113 1535 168 1598 pos
194 1512 264 1574 Dat.
289 1532 333 1570 ιι.
350 1517 382 1570 et
399 1508 509 1569 Cicero
527 1508 650 1590 passim.
699 1505 822 1568 Nodum
841 1517 990 1590 quaerunt
1014 1507 1046 1566 in
1071 1508 1173 1590 seinpo
1236 1561 1241 1572 .

116 1606 215 1670 Bentl.
236 1614 268 1666 et
286 1603 432 1677 tui-inin,
452 1623 584 1686 quorum
600 1601 652 1664 hio
670 1601 798 1664 dubium
818 1613 933 1679 movet,
953 1602 1027 1664 alter
1039 1604 1179 1668 substitui

11 1731 12 1758 ι
114 1699 199 1762 iubet
217 1699 263 1760 ud
286 1697 339 1758 Tr.
358 1697 533 1779 conjugere.

11 1863 12 1890 p
78 1812 111 1886 6,
130 1829 161 1890 9.
177 1823 299 1893 pontem
322 1809 459 1868 ιἰωείιιιίι.
507 1806 599 1866 Hunc
618 1812 743 1887 pontem
763 1826 854 1888 supra
873 1805 981 1866 urbem
1003 1807 1178 1869 Curiostein-

116 1907 237 1988 Engsrs
256 1905 289 1964 in
312 1901 484 1964 Electoratu
502 1899 578 1965 olim
596 1899 772 1960 Tnevioensi
792 1911 940 1962 structum
959 1901 1048 1963 foisse
1067 1902 1181 1965 volunt.
1294 1923 1301 1936 ‘

99 2059 103 2070 .
119 1998 194 2060 Eius
207 1995 318 2058 rudera
331 1995 364 2056 in
377 1993 505 2062 editiore
524 1993 623 2056 Rheni
642 1993 709 2075 ripa
729 1993 888 2056 delineavit
901 1997 933 2056 in
948 1995 1183 2078 Antiquitatibus

118 2089 324 2172 Saynensibus
336 2088 372 2148 1..
385 2089 419 2150 R
433 2110 451 2147 a
463 2087 664 2169 Reiffenherg.
685 2087 757 2148 Vid.
778 2087 944 2150 Hontheim
964 2087 995 2148 in
1016 2088 1183 2172 prodromo

123 2185 269 2250 hunnus
289 2181 488 2246 Trevirensis.
508 2181 555 2242 of.
569 2181 684 2243 nna.
702 2181 738 2258 ,a
757 2202 807 2265 op.
819 2182 899 2244 uua.
919 2183 957 2246 aa
978 2183 1015 2245 a.
1035 2207 1071 2258 ι,
1091 2165 1139 2244 3‘1.
1153 2207 1185 2271 p.
1265 2239 1268 2246 .

125 2280 198 2351 204.
228 2273 303 2336 Aliis
321 2272 403 2335 aliud
422 2273 568 2357 placuisse
587 2285 704 2338 notum.

84 2387 116 2460 6,
148 2383 191 2445 13.
212 2385 394 2458 constituant
408 2407 441 2422 ···
457 2384 646 2444 constituunt.
696 2381 813 2443 Itei‘um
838 2382 912 2446 haec
942 2384 1082 2468 repetitio
1109 2383 1187 2446 maie

122 2477 218 2540 hahet
235 2475 412 2540 Bendeium.
441 2475 507 2536 sine
526 2497 636 2538 caussa.
687 2477 739 2540 sie
760 2500 880 2562 quoque
900 2501 973 2556 mox
996 2501 1023 2541 a.
1048 2480 1092 2542 ι8.
1118 2482 1188 2540 reli-

12 2629 13 2636 ,
121 2575 238 2655 quis-
251 2570 386 2650 minuis.
430 2567 617 2650 Negligentia
637 2569 711 2632 haee
731 2571 763 2632 in
783 2572 907 2633 Caesare
926 2570 1051 2632 ferenda
1071 2579 1122 2632 est.

13 2666 14 2684 ³
87 2681 120 2738 in
142 2676 208 2736 loen
228 2687 412 2736 massoram.
445 2677 565 2738 induco
580 2675 640 2738 iam
659 2675 732 2738 olim
752 2677 829 2740 bene
847 2677 921 2760 legit
940 2677 977 2738 is.
998 2675 1189 2737 casaubonus

126 2768 162 2828 in
181 2765 276 2850 praef.
296 2763 336 2834 sd
355 2766 445 2850 Diog.
465 2771 566 2832 Lairt.
600 2772 683 2832 Haeo
701 2771 782 2851 Oud
795 2773 826 2832 in
847 2770 1000 2834 addendis.

15 2874 20 2887 ’
89 2882 125 2956 fi,
153 2879 527 2962 17.qaaesuperavednt.
554 2878 642 2939 turin
662 2879 735 2945 velit
752 2885 806 2964 qui
823 2904 889 2964 sup.

16 3013 17 3036 ³
91 2993 127 3067 6,
153 2989 198 3052 18.
218 3010 239 3050 a
259 2989 332 3048 Dite
347 3001 437 3071 patre
453 3001 628 3070 prognatos.
671 2989 720 3050 De
734 2988 792 3051 hae
806 2989 918 3074 ineptia
931 3015 960 3053 v.
974 2990 1147 3053 Gehaverus
1160 2991 1192 3053 in

128 3081 264 3163 vestigiis
284 3080 357 3144 iuris
377 3081 520 3141 German.
539 3082 664 3165 antiqui.
678 3083 706 3144 8.
721 3083 821 3144 Goett.
840 3085 924 3167 1766.
945 3085 1023 3146 Diss.
1038 3086 1066 3146 6.
1080 3107 1109 3166 p
1129 3103 1192 3163 190.

94 3194 129 3268 fi,
156 3209 202 3269 19.
221 3191 306 3250 iustis
314 3189 478 3272 fnanibus
498 3197 555 3250 eto.
575 3189 772 3252 Marklandus
792 3193 969 3255 coniioiebat
987 3217 1061 3278 quos
1080 3217 1101 3255 a
1122 3197 1194 3254 vivis

127 3287 262 3350 dilectos
285 3306 347 3344 esse
367 3285 538 3358 mutabat,
572 3289 682 3346 mutuis
707 3289 873 3348 uulneribus
895 3291 1024 3372 confecti
1047 3289 1133 3360 (seii.
1157 3289 1195 3350 ad

21 3459 22 3470 ἵ
129 3403 245 3463 rogum
264 3378 501 3462 depugnantes).
534 3379 637 3442 Placet
661 3384 719 3456 hoe
739 3383 851 3444 eximie
871 3384 1026 3460 Bentleio,
1046 3385 1101 3467 qui
1122 3405 1196 3448 vero
1296 3451 1302 3462 ‚

21 3511 22 3516 ¹
130 3479 254 3544 melita
267 3477 438 3558 quibusque.
471 3476 585 3550 Contra
600 3476 678 3540 istud
691 3487 898 3540 commentum
912 3479 1085 3541 Marklandi
1098 3481 1199 3543 reiicit

130 3573 217 3640 oud.
239 3573 277 3634 ad
297 3573 378 3635 svet.
399 3575 477 3654 Aug.
499 3595 525 3634 e.
550 3592 595 3653 ις).
617 3584 660 3648 et,
680 3573 763 3656 qnod
782 3573 856 3634 olim
875 3574 1061 3656 improbaret
1081 3577 1144 3658 ipse
1165 3575 1198 3636 in

137 3673 211 3736 loeo
231 3677 350 3742 nostro,
364 3677 535 3751 propugnat
546 3673 631 3730 iustis
632 3671 812 3754 fnanibus,
829 3669 969 3731 inductus
982 3671 1120 3752 exemplo
1132 3669 1199 3732 Pli-

135 3765 183 3826 nii
204 3771 235 3824 et
256 3760 381 3821 Ausonii
395 3760 425 3820 in
439 3763 563 3844 praefat.
578 3773 694 3846 parent.
710 3763 952 3848 conditasunere
963 3767 1050 3827 iusto.
1064 3773 1094 3826 et
1106 3785 1198 3826 cason.

135 3878 167 3940 9.
187 3861 266 3924 iusto
277 3857 387 3939 sunere
392 3857 499 3940 fletos.
539 3887 541 3893 ,

24 3907 29 4019 i
96 3954 132 4028 6,
154 3974 204 4012 21.
225 3971 318 4028 neque
342 3949 477 4010 Druides
500 3951 615 4013 Ῑιαῦοηι.
663 3953 712 4014 De
739 3950 874 4014 dissensu
900 3950 1033 4013 Caeuris
1051 3959 1082 4010 et
1101 3948 1203 4013 Taciti
1260 3989 1263 4004 ι

136 4045 236 4111 videri
255 4053 354 4125 potest
370 4043 544 4106 Gebaverus
562 4046 582 4107 l.
603 4069 629 4108 e.
649 4068 681 4130 p.
705 4047 771 4129 178.
1251 4033 1253 4039 Ι

97 4145 267 4206 rhenonum
288 4137 358 4199 alias
378 4161 492 4200 renum.
538 4141 647 4202 Carrio
674 4150 733 4202 ant.
756 4141 825 4204 leot.
845 4139 880 4216 3,
900 4163 929 4202 n.
949 4139 982 4202 in
1001 4139 1091 4204 Grut.
1112 4139 1204 4224 lamp.

139 4233 214 4296 vol.
233 4231 264 4292 3.
282 4251 314 4313 p.
336 4231 383 4293 58.
405 4232 463 4294 iam
484 4233 621 4295 defendit
637 4235 813 4296 rhenomtm.

100 4326 135 4399 (ὃ,
155 4347 205 4385 22.
226 4345 265 4385 ne
281 4317 464 4386 'adcnrntius
484 4327 528 4387 ad
540 4329 671 4410 frigora
690 4337 748 4392 eto.
767 4325 864 4390 [urin.
881 4324 955 4391 velit
975 4347 1068 4410 quam
1088 4324 1132 4385 ud
1141 4311 1218 4405 sn'·

137 4442 234 4502 gnra,
257 4419 327 4482 satis
347 4420 407 4483 hoo
425 4439 500 4486 vero
518 4420 622 4484 simile.
