<?xml version="1.0" encoding="UTF-8"?>
<!DOCTYPE html PUBLIC "-//W3C//DTD XHTML 1.0 Transitional//EN"
    "http://www.w3.org/TR/xhtml1/DTD/xhtml1-transitional.dtd">
<html xmlns="http://www.w3.org/1999/xhtml" xml:lang="en" lang="en">
 <head>
  <title>
</title>
<meta http-equiv="Content-Type" content="text/html;charset=utf-8" />
  <meta name='ocr-system' content='tesseract 3.04.00' />
  <meta name='ocr-capabilities' content='ocr_page ocr_carea ocr_par ocr_line ocrx_word'/>
</head>
<body>
  <div class='ocr_page' id='page_1' title='image "./ciuliicaesarisc00hirtgoog_0296.png"; bbox 0 0 3024 5326; ppageno 0'>
   <div class='ocr_carea' id='block_1_1' title="bbox 354 403 449 500">
    <p class='ocr_par' dir='ltr' id='par_1_1' title="bbox 354 403 449 500">
     <span class='ocr_line' id='line_1_1' title="bbox 354 403 449 500; baseline 0 -38"><span class='ocrx_word' id='word_1_1' title='bbox 354 403 449 500; x_wconf 75' lang='grc'><strong><em>290</em></strong></span> 
     </span>
    </p>
   </div>
   <div class='ocr_carea' id='block_1_2' title="bbox 323 601 869 1217">
    <p class='ocr_par' dir='ltr' id='par_1_2' title="bbox 323 601 869 1070">
     <span class='ocr_line' id='line_1_2' title="bbox 384 601 868 670; baseline -0.004 -16"><span class='ocrx_word' id='word_1_2' title='bbox 384 602 483 654; x_wconf 64' lang='lat' dir='ltr'><strong><em>raucus</em></strong></span> <span class='ocrx_word' id='word_1_3' title='bbox 499 601 581 652; x_wconf 82' lang='lat' dir='ltr'><strong><em>literis</em></strong></span> <span class='ocrx_word' id='word_1_4' title='bbox 592 603 688 670; x_wconf 70' lang='lat' dir='ltr'><strong><em>grumis</em></strong></span> <span class='ocrx_word' id='word_1_5' title='bbox 708 617 734 658; x_wconf 86' lang='lat' dir='ltr'><strong><em>t,</em></strong></span> <span class='ocrx_word' id='word_1_6' title='bbox 752 617 793 667; x_wconf 71' lang='grc'><strong>29.</strong></span> <span class='ocrx_word' id='word_1_7' title='bbox 809 617 868 654; x_wconf 81' lang='lat' dir='ltr'><strong><em>een·</em></strong></span> 
     </span>
     <span class='ocr_line' id='line_1_3' title="bbox 375 666 867 788; baseline 0.004 -2"><span class='ocrx_word' id='word_1_8' title='bbox 375 666 867 788; x_wconf 61' lang='lat' dir='ltr'><strong><em>turturuitrstt</em></strong></span> 
     </span>
     <span class='ocr_line' id='line_1_4' title="bbox 379 772 867 885; baseline -0.004 -31"><span class='ocrx_word' id='word_1_9' title='bbox 379 776 492 885; x_wconf 68' lang='lat' dir='ltr'><strong><em>stasim,</em></strong></span> <span class='ocrx_word' id='word_1_10' title='bbox 508 801 562 880; x_wconf 72' lang='lat' dir='ltr'><strong><em>rid.</em></strong></span> <span class='ocrx_word' id='word_1_11' title='bbox 571 772 729 880; x_wconf 40' lang='grc' dir='ltr'><strong>.ιάἈί..47.</strong></span> <span class='ocrx_word' id='word_1_12' title='bbox 741 802 867 871; x_wconf 84' lang='lat' dir='ltr'><strong><em>consectus</em></strong></span> 
     </span>
     <span class='ocr_line' id='line_1_5' title="bbox 323 868 745 932; baseline -0.009 -8"><span class='ocrx_word' id='word_1_13' title='bbox 323 898 327 906; x_wconf 67' lang='lat'><strong><em>¹</em></strong></span> <span class='ocrx_word' id='word_1_14' title='bbox 374 883 481 932; x_wconf 53' lang='lat' dir='ltr'><strong><em>metuite,</em></strong></span> <span class='ocrx_word' id='word_1_15' title='bbox 496 868 650 923; x_wconf 73' lang='lat' dir='ltr'><strong><em>debilitatus</em></strong></span> <span class='ocrx_word' id='word_1_16' title='bbox 668 883 697 932; x_wconf 83' lang='lat'><strong><em>7,</em></strong></span> <span class='ocrx_word' id='word_1_17' title='bbox 713 875 745 932; x_wconf 79' lang='lat'><strong><em>57</em></strong></span> 
     </span>
     <span class='ocr_line' id='line_1_6' title="bbox 352 935 869 1013; baseline -0.033 -11"><span class='ocrx_word' id='word_1_18' title='bbox 352 941 489 1013; x_wconf 77' lang='lat' dir='ltr'><strong><em>Confidere</em></strong></span> <span class='ocrx_word' id='word_1_19' title='bbox 505 940 550 989; x_wconf 84' lang='lat' dir='ltr'><strong><em>sili</em></strong></span> <span class='ocrx_word' id='word_1_20' title='bbox 573 941 600 987; x_wconf 86' lang='lat' dir='ltr'><strong><em>in</em></strong></span> <span class='ocrx_word' id='word_1_21' title='bbox 621 936 710 1005; x_wconf 65' lang='lat' dir='ltr'><strong><em>elom</em></strong></span> <span class='ocrx_word' id='word_1_22' title='bbox 725 951 757 986; x_wconf 82' lang='lat' dir='ltr'><strong><em>re</em></strong></span> <span class='ocrx_word' id='word_1_23' title='bbox 771 935 817 998; x_wconf 68' lang='lat' dir='ltr'><strong><em>Al.</em></strong></span> <span class='ocrx_word' id='word_1_24' title='bbox 837 952 869 1004; x_wconf 64' lang='grc' dir='ltr'>ις</span> 
     </span>
     <span class='ocr_line' id='line_1_7' title="bbox 372 1007 782 1070; baseline -0.022 -8"><span class='ocrx_word' id='word_1_25' title='bbox 372 1017 406 1065; x_wconf 83' lang='lat' dir='ltr'><strong><em>¹si</em></strong></span> <span class='ocrx_word' id='word_1_26' title='bbox 422 1007 501 1061; x_wconf 84' lang='lat' dir='ltr'><strong><em>lectio</em></strong></span> <span class='ocrx_word' id='word_1_27' title='bbox 516 1012 584 1057; x_wconf 74' lang='lat' dir='ltr'><strong><em>certe</em></strong></span> <span class='ocrx_word' id='word_1_28' title='bbox 600 1012 648 1070; x_wconf 67' lang='lat' dir='ltr'><strong><em>est.</em></strong></span> <span class='ocrx_word' id='word_1_29' title='bbox 778 1017 782 1022; x_wconf 83' lang='lat'><strong>·</strong></span> 
     </span>
    </p>

    <p class='ocr_par' dir='ltr' id='par_1_3' title="bbox 350 1072 647 1150">
     <span class='ocr_line' id='line_1_8' title="bbox 350 1072 647 1150; baseline -0.003 -25"><span class='ocrx_word' id='word_1_30' title='bbox 350 1077 478 1150; x_wconf 60' lang='lat' dir='ltr'><strong><em>confieri,</em></strong></span> <span class='ocrx_word' id='word_1_31' title='bbox 496 1072 551 1124; x_wconf 75' lang='lat' dir='ltr'><strong><em>fieri</em></strong></span> <span class='ocrx_word' id='word_1_32' title='bbox 568 1086 596 1134; x_wconf 85' lang='lat'><strong><em>7,</em></strong></span> <span class='ocrx_word' id='word_1_33' title='bbox 615 1075 647 1124; x_wconf 74' lang='lat'><strong><em>⁵8</em></strong></span> 
     </span>
    </p>

    <p class='ocr_par' dir='ltr' id='par_1_4' title="bbox 350 1135 866 1217">
     <span class='ocr_line' id='line_1_9' title="bbox 350 1135 866 1217; baseline -0.012 -25"><span class='ocrx_word' id='word_1_34' title='bbox 350 1147 486 1217; x_wconf 70' lang='lat' dir='ltr'><strong><em>configere</em></strong></span> <span class='ocrx_word' id='word_1_35' title='bbox 513 1139 590 1190; x_wconf 79' lang='lat' dir='ltr'><strong><em>clavis</em></strong></span> <span class='ocrx_word' id='word_1_36' title='bbox 616 1141 645 1202; x_wconf 87' lang='lat'><strong><em>5,</em></strong></span> <span class='ocrx_word' id='word_1_37' title='bbox 677 1135 713 1187; x_wconf 66' lang='grc' dir='ltr'><strong><em>ιδ.</em></strong></span> <span class='ocrx_word' id='word_1_38' title='bbox 739 1135 866 1208; x_wconf 76' lang='lat' dir='ltr'><strong><em>eurfigere</em></strong></span> 
     </span>
    </p>
   </div>
   <div class='ocr_carea' id='block_1_3' title="bbox 382 1212 866 1273">
    <p class='ocr_par' dir='ltr' id='par_1_5' title="bbox 382 1212 866 1273">
     <span class='ocr_line' id='line_1_10' title="bbox 382 1212 866 1273; baseline -0.021 -9"><span class='ocrx_word' id='word_1_39' title='bbox 382 1215 493 1273; x_wconf 83' lang='lat' dir='ltr'><strong><em>turrim,</em></strong></span> <span class='ocrx_word' id='word_1_40' title='bbox 517 1212 681 1265; x_wconf 76' lang='lat' dir='ltr'><strong><em>consensere,</em></strong></span> <span class='ocrx_word' id='word_1_41' title='bbox 707 1221 866 1273; x_wconf 83' lang='lat' dir='ltr'><strong><em>componere</em></strong></span> 
     </span>
    </p>
   </div>
   <div class='ocr_carea' id='block_1_4' title="bbox 350 1272 864 1408">
    <p class='ocr_par' dir='ltr' id='par_1_6' title="bbox 350 1272 864 1408">
     <span class='ocr_line' id='line_1_11' title="bbox 385 1272 617 1332; baseline -0.047 1"><span class='ocrx_word' id='word_1_42' title='bbox 385 1272 536 1332; x_wconf 75' lang='lat' dir='ltr'><strong><em>fabricando</em></strong></span> <span class='ocrx_word' id='word_1_43' title='bbox 551 1275 584 1324; x_wconf 79' lang='lat' dir='ltr'><strong><em>A.</em></strong></span> <span class='ocrx_word' id='word_1_44' title='bbox 602 1291 617 1322; x_wconf 83' lang='lat'>2</span> 
     </span>
     <span class='ocr_line' id='line_1_12' title="bbox 350 1337 864 1408; baseline -0.037 -11"><span class='ocrx_word' id='word_1_45' title='bbox 350 1347 406 1402; x_wconf 76' lang='lat' dir='ltr'><strong><em>corr</em></strong></span> <span class='ocrx_word' id='word_1_46' title='bbox 428 1359 530 1400; x_wconf 73' lang='lat' dir='ltr'><strong><em>nuere,</em></strong></span> <span class='ocrx_word' id='word_1_47' title='bbox 547 1337 699 1408; x_wconf 73' lang='lat' dir='ltr'><strong><em>persuadere</em></strong></span> <span class='ocrx_word' id='word_1_48' title='bbox 715 1355 744 1398; x_wconf 84' lang='lat' dir='ltr'><strong><em>r,</em></strong></span> <span class='ocrx_word' id='word_1_49' title='bbox 761 1337 786 1388; x_wconf 83' lang='lat'><strong><em>3.</em></strong></span> <span class='ocrx_word' id='word_1_50' title='bbox 802 1355 864 1389; x_wconf 75' lang='lat' dir='ltr'><strong><em>‹ron-</em></strong></span> 
     </span>
    </p>
   </div>
   <div class='ocr_carea' id='block_1_5' title="bbox 379 1403 865 1608">
    <p class='ocr_par' dir='ltr' id='par_1_7' title="bbox 379 1403 865 1608">
     <span class='ocr_line' id='line_1_13' title="bbox 402 1403 865 1474; baseline -0.011 -14"><span class='ocrx_word' id='word_1_51' title='bbox 402 1426 488 1464; x_wconf 78' lang='lat' dir='ltr'><strong><em>rmare</em></strong></span> <span class='ocrx_word' id='word_1_52' title='bbox 512 1425 551 1464; x_wconf 89' lang='lat' dir='ltr'><strong><em>se,</em></strong></span> <span class='ocrx_word' id='word_1_53' title='bbox 576 1404 684 1456; x_wconf 83' lang='lat' dir='ltr'><strong><em>firmiter</em></strong></span> <span class='ocrx_word' id='word_1_54' title='bbox 700 1403 751 1456; x_wconf 87' lang='lat' dir='ltr'><strong><em>sihi</em></strong></span> <span class='ocrx_word' id='word_1_55' title='bbox 769 1423 865 1474; x_wconf 85' lang='lat' dir='ltr'><strong><em>propo·</em></strong></span> 
     </span>
     <span class='ocr_line' id='line_1_14' title="bbox 380 1471 864 1543; baseline -0.019 -11"><span class='ocrx_word' id='word_1_56' title='bbox 380 1498 441 1532; x_wconf 87' lang='lat' dir='ltr'><strong><em>uere</em></strong></span> <span class='ocrx_word' id='word_1_57' title='bbox 451 1493 479 1538; x_wconf 86' lang='lat'><strong><em>2,</em></strong></span> <span class='ocrx_word' id='word_1_58' title='bbox 493 1493 531 1541; x_wconf 82' lang='lat'><strong><em>19·</em></strong></span> <span class='ocrx_word' id='word_1_59' title='bbox 542 1471 695 1543; x_wconf 78' lang='lat' dir='ltr'><strong><em>confirmare</em></strong></span> <span class='ocrx_word' id='word_1_60' title='bbox 706 1477 864 1523; x_wconf 68' lang='lat' dir='ltr'><strong><em>animosum</em></strong></span> 
     </span>
     <span class='ocr_line' id='line_1_15' title="bbox 379 1535 865 1608; baseline -0.016 -10"><span class='ocrx_word' id='word_1_61' title='bbox 379 1548 431 1608; x_wconf 83' lang='lat' dir='ltr'><strong><em>lis,</em></strong></span> <span class='ocrx_word' id='word_1_62' title='bbox 447 1539 586 1599; x_wconf 81' lang='lat' dir='ltr'><strong><em>consolari,</em></strong></span> <span class='ocrx_word' id='word_1_63' title='bbox 604 1547 636 1589; x_wconf 86' lang='lat' dir='ltr'><strong><em>ut</em></strong></span> <span class='ocrx_word' id='word_1_64' title='bbox 651 1535 820 1608; x_wconf 78' lang='lat' dir='ltr'><strong><em>adquiescunt</em></strong></span> <span class='ocrx_word' id='word_1_65' title='bbox 837 1559 865 1600; x_wconf 86' lang='lat' dir='ltr'><strong><em>r,</em></strong></span> 
     </span>
    </p>
   </div>
   <div class='ocr_carea' id='block_1_6' title="bbox 379 1605 877 1680">
    <p class='ocr_par' dir='ltr' id='par_1_8' title="bbox 379 1605 877 1680">
     <span class='ocr_line' id='line_1_16' title="bbox 379 1605 877 1680; baseline -0.034 -15"><span class='ocrx_word' id='word_1_66' title='bbox 379 1611 423 1664; x_wconf 81' lang='lat'><strong><em>33.</em></strong></span> <span class='ocrx_word' id='word_1_67' title='bbox 438 1609 591 1680; x_wconf 74' lang='lat' dir='ltr'><strong><em>mrefirmure</em></strong></span> <span class='ocrx_word' id='word_1_68' title='bbox 607 1605 718 1673; x_wconf 83' lang='lat' dir='ltr'><strong><em>aliquem</em></strong></span> <span class='ocrx_word' id='word_1_69' title='bbox 735 1606 862 1666; x_wconf 81' lang='lat' dir='ltr'><strong><em>libertati,</em></strong></span> <span class='ocrx_word' id='word_1_70' title='bbox 875 1643 877 1648; x_wconf 86' lang='lat'><em>.</em></span> 
     </span>
    </p>
   </div>
   <div class='ocr_carea' id='block_1_7' title="bbox 341 1671 862 2739">
    <p class='ocr_par' dir='ltr' id='par_1_9' title="bbox 370 1671 862 2005">
     <span class='ocr_line' id='line_1_17' title="bbox 378 1671 862 1734; baseline -0.019 -3"><span class='ocrx_word' id='word_1_71' title='bbox 378 1681 404 1731; x_wconf 85' lang='lat' dir='ltr'><strong><em>ei</em></strong></span> <span class='ocrx_word' id='word_1_72' title='bbox 416 1675 569 1734; x_wconf 76' lang='lat' dir='ltr'>concedere,</span> <span class='ocrx_word' id='word_1_73' title='bbox 579 1681 612 1724; x_wconf 87' lang='lat' dir='ltr'><strong><em>ut</em></strong></span> <span class='ocrx_word' id='word_1_74' title='bbox 623 1672 720 1723; x_wconf 77' lang='lat' dir='ltr'><strong><em>fructur</em></strong></span> <span class='ocrx_word' id='word_1_75' title='bbox 731 1671 862 1730; x_wconf 80' lang='lat' dir='ltr'><strong><em>libertate,</em></strong></span> 
     </span>
     <span class='ocr_line' id='line_1_18' title="bbox 379 1737 862 1803; baseline -0.023 -3"><span class='ocrx_word' id='word_1_76' title='bbox 379 1749 403 1800; x_wconf 85' lang='lat' dir='ltr'><strong><em>si</em></strong></span> <span class='ocrx_word' id='word_1_77' title='bbox 414 1745 492 1798; x_wconf 83' lang='lat' dir='ltr'><strong><em>lectio</em></strong></span> <span class='ocrx_word' id='word_1_78' title='bbox 509 1759 569 1794; x_wconf 81' lang='lat' dir='ltr'><strong><em>reru</em></strong></span> <span class='ocrx_word' id='word_1_79' title='bbox 586 1747 626 1792; x_wconf 87' lang='lat' dir='ltr'><strong><em>est</em></strong></span> <span class='ocrx_word' id='word_1_80' title='bbox 643 1737 672 1789; x_wconf 91' lang='lat' dir='ltr'><strong><em>C.</em></strong></span> <span class='ocrx_word' id='word_1_81' title='bbox 694 1755 722 1799; x_wconf 83' lang='lat' dir='ltr'><strong><em>t,</em></strong></span> <span class='ocrx_word' id='word_1_82' title='bbox 742 1749 781 1803; x_wconf 82' lang='grc' dir='ltr'><strong><em>ι4.</em></strong></span> <span class='ocrx_word' id='word_1_83' title='bbox 799 1757 862 1789; x_wconf 86' lang='lat' dir='ltr'><strong><em>con-</em></strong></span> 
     </span>
     <span class='ocr_line' id='line_1_19' title="bbox 377 1805 862 1882; baseline -0.014 -18"><span class='ocrx_word' id='word_1_84' title='bbox 377 1813 486 1882; x_wconf 77' lang='lat' dir='ltr'><strong><em>firmare</em></strong></span> <span class='ocrx_word' id='word_1_85' title='bbox 508 1825 535 1860; x_wconf 84' lang='lat' dir='ltr'><strong><em>ee</em></strong></span> <span class='ocrx_word' id='word_1_86' title='bbox 559 1806 681 1870; x_wconf 71' lang='lat' dir='ltr'><strong><em>comilis,</em></strong></span> <span class='ocrx_word' id='word_1_87' title='bbox 704 1805 758 1857; x_wconf 83' lang='lat' dir='ltr'><strong><em>sibi</em></strong></span> <span class='ocrx_word' id='word_1_88' title='bbox 783 1805 862 1858; x_wconf 85' lang='lat' dir='ltr'><strong><em>robus</em></strong></span> 
     </span>
     <span class='ocr_line' id='line_1_20' title="bbox 370 1871 861 1942; baseline -0.018 -12"><span class='ocrx_word' id='word_1_89' title='bbox 370 1871 472 1934; x_wconf 72' lang='lat' dir='ltr'><strong><em>¹addere</em></strong></span> <span class='ocrx_word' id='word_1_90' title='bbox 489 1875 519 1926; x_wconf 89' lang='lat' dir='ltr'><strong><em>C.</em></strong></span> <span class='ocrx_word' id='word_1_91' title='bbox 541 1891 567 1938; x_wconf 84' lang='lat' dir='ltr'><strong><em>t,</em></strong></span> <span class='ocrx_word' id='word_1_92' title='bbox 586 1888 626 1940; x_wconf 79' lang='lat'><strong><em>²9·</em></strong></span> <span class='ocrx_word' id='word_1_93' title='bbox 642 1871 801 1942; x_wconf 82' lang='lat' dir='ltr'><strong><em>confirmatis</em></strong></span> <span class='ocrx_word' id='word_1_94' title='bbox 818 1891 861 1926; x_wconf 85' lang='lat' dir='ltr'><strong><em>re·</em></strong></span> 
     </span>
     <span class='ocr_line' id='line_1_21' title="bbox 377 1939 844 2005; baseline -0.015 -9"><span class='ocrx_word' id='word_1_95' title='bbox 377 1947 433 2005; x_wconf 84' lang='lat' dir='ltr'><strong><em>lus,</em></strong></span> <span class='ocrx_word' id='word_1_96' title='bbox 450 1941 616 2002; x_wconf 79' lang='lat' dir='ltr'><strong><em>constitutis,</em></strong></span> <span class='ocrx_word' id='word_1_97' title='bbox 633 1939 758 1992; x_wconf 81' lang='lat' dir='ltr'><strong><em>conlectis</em></strong></span> <span class='ocrx_word' id='word_1_98' title='bbox 775 1941 810 2004; x_wconf 75' lang='lat'><strong><em>6,</em></strong></span> <span class='ocrx_word' id='word_1_99' title='bbox 828 1942 844 1989; x_wconf 82' lang='lat'><em>6</em></span> 
     </span>
    </p>

    <p class='ocr_par' dir='ltr' id='par_1_10' title="bbox 345 2005 861 2132">
     <span class='ocr_line' id='line_1_22' title="bbox 345 2005 861 2078; baseline -0.012 -14"><span class='ocrx_word' id='word_1_100' title='bbox 345 2013 491 2078; x_wconf 76' lang='lat' dir='ltr'><strong><em>conflatum</em></strong></span> <span class='ocrx_word' id='word_1_101' title='bbox 514 2006 624 2068; x_wconf 79' lang='lat' dir='ltr'><strong><em>bellum,</em></strong></span> <span class='ocrx_word' id='word_1_102' title='bbox 643 2005 755 2058; x_wconf 84' lang='lat' dir='ltr'><strong><em>euhiude</em></strong></span> <span class='ocrx_word' id='word_1_103' title='bbox 772 2014 861 2058; x_wconf 85' lang='lat' dir='ltr'><strong><em>ortum</em></strong></span> 
     </span>
     <span class='ocr_line' id='line_1_23' title="bbox 378 2077 529 2132; baseline -0.053 0"><span class='ocrx_word' id='word_1_104' title='bbox 378 2085 393 2132; x_wconf 82' lang='lat'>8</span> <span class='ocrx_word' id='word_1_105' title='bbox 424 2081 448 2128; x_wconf 82' lang='lat'><strong><em>6.</em></strong></span> <span class='ocrx_word' id='word_1_106' title='bbox 466 2077 529 2128; x_wconf 63' lang='grc' dir='ltr'><strong><em>ΑΛ</em></strong></span> 
     </span>
    </p>

    <p class='ocr_par' dir='ltr' id='par_1_11' title="bbox 346 2118 859 2270">
     <span class='ocr_line' id='line_1_24' title="bbox 346 2118 859 2214; baseline -0.012 -18"><span class='ocrx_word' id='word_1_107' title='bbox 346 2118 481 2214; x_wconf 51' lang='lat' dir='ltr'><strong><em>Cordluens</em></strong></span> <span class='ocrx_word' id='word_1_108' title='bbox 507 2141 600 2194; x_wconf 80' lang='lat' dir='ltr'><em>Mosae</em></span> <span class='ocrx_word' id='word_1_109' title='bbox 618 2151 643 2190; x_wconf 91' lang='lat' dir='ltr'><strong><em>et</em></strong></span> <span class='ocrx_word' id='word_1_110' title='bbox 665 2139 747 2191; x_wconf 76' lang='lat' dir='ltr'><strong><em>lilicni</em></strong></span> <span class='ocrx_word' id='word_1_111' title='bbox 765 2150 796 2206; x_wconf 86' lang='grc'><strong><em>4,</em></strong></span> <span class='ocrx_word' id='word_1_112' title='bbox 823 2144 859 2190; x_wconf 69' lang='grc' dir='ltr'><strong><em>ιδ.</em></strong></span> 
     </span>
     <span class='ocr_line' id='line_1_25' title="bbox 375 2205 689 2270; baseline -0.022 -7"><span class='ocrx_word' id='word_1_113' title='bbox 375 2209 462 2270; x_wconf 84' lang='lat' dir='ltr'><strong><em>loeus,</em></strong></span> <span class='ocrx_word' id='word_1_114' title='bbox 479 2207 525 2260; x_wconf 86' lang='lat' dir='ltr'><strong><em>uhi</em></strong></span> <span class='ocrx_word' id='word_1_115' title='bbox 542 2205 689 2259; x_wconf 79' lang='lat' dir='ltr'><strong><em>cmrssuuu&#39;t.</em></strong></span> 
     </span>
    </p>

    <p class='ocr_par' dir='ltr' id='par_1_12' title="bbox 343 2271 823 2349">
     <span class='ocr_line' id='line_1_26' title="bbox 343 2271 823 2349; baseline -0.01 -23"><span class='ocrx_word' id='word_1_116' title='bbox 343 2278 488 2349; x_wconf 74' lang='lat' dir='ltr'><strong><em>Confugere</em></strong></span> <span class='ocrx_word' id='word_1_117' title='bbox 502 2274 623 2344; x_wconf 76' lang='lat' dir='ltr'><strong><em>insulem</em></strong></span> <span class='ocrx_word' id='word_1_118' title='bbox 639 2275 743 2324; x_wconf 83' lang='lat' dir='ltr'><strong><em>alicuius</em></strong></span> <span class='ocrx_word' id='word_1_119' title='bbox 759 2271 792 2326; x_wconf 85' lang='lat' dir='ltr'><strong><em>H.</em></strong></span> <span class='ocrx_word' id='word_1_120' title='bbox 813 2289 823 2321; x_wconf 88' lang='grc' dir='ltr'>ι</span> 
     </span>
    </p>

    <p class='ocr_par' dir='ltr' id='par_1_13' title="bbox 342 2339 722 2414">
     <span class='ocr_line' id='line_1_27' title="bbox 342 2339 722 2414; baseline -0.013 -18"><span class='ocrx_word' id='word_1_121' title='bbox 342 2345 471 2414; x_wconf 70' lang='lat' dir='ltr'><strong><em>congredi</em></strong></span> <span class='ocrx_word' id='word_1_122' title='bbox 487 2343 574 2410; x_wconf 83' lang='lat' dir='ltr'><strong><em>aliquo</em></strong></span> <span class='ocrx_word' id='word_1_123' title='bbox 592 2339 622 2392; x_wconf 89' lang='lat' dir='ltr'><strong><em>C.</em></strong></span> <span class='ocrx_word' id='word_1_124' title='bbox 644 2358 668 2400; x_wconf 89' lang='grc' dir='ltr'>ι,</span> <span class='ocrx_word' id='word_1_125' title='bbox 687 2349 722 2402; x_wconf 49' lang='grc' dir='ltr'><strong><em>40Ἰ</em></strong></span> 
     </span>
    </p>

    <p class='ocr_par' dir='ltr' id='par_1_14' title="bbox 341 2405 859 2739">
     <span class='ocr_line' id='line_1_28' title="bbox 341 2405 859 2466; baseline -0.014 -4"><span class='ocrx_word' id='word_1_126' title='bbox 341 2411 471 2464; x_wconf 71' lang='lat' dir='ltr'><strong><em>coniicere</em></strong></span> <span class='ocrx_word' id='word_1_127' title='bbox 490 2411 603 2461; x_wconf 75' lang='lat' dir='ltr'><strong><em>homines</em></strong></span> <span class='ocrx_word' id='word_1_128' title='bbox 619 2407 750 2466; x_wconf 86' lang='lat' dir='ltr'><strong><em>inlocum,</em></strong></span> <span class='ocrx_word' id='word_1_129' title='bbox 763 2425 793 2456; x_wconf 89' lang='lat' dir='ltr'><strong><em>eo</em></strong></span> <span class='ocrx_word' id='word_1_130' title='bbox 806 2405 859 2456; x_wconf 85' lang='lat' dir='ltr'><strong><em>do-</em></strong></span> 
     </span>
     <span class='ocr_line' id='line_1_29' title="bbox 373 2471 858 2536; baseline -0.012 -6"><span class='ocrx_word' id='word_1_131' title='bbox 373 2497 443 2536; x_wconf 83' lang='lat' dir='ltr'><strong><em>eere,</em></strong></span> <span class='ocrx_word' id='word_1_132' title='bbox 469 2485 498 2530; x_wconf 90' lang='lat' dir='ltr'><strong><em>ut</em></strong></span> <span class='ocrx_word' id='word_1_133' title='bbox 521 2475 559 2526; x_wconf 84' lang='lat' dir='ltr'><strong><em>ihi</em></strong></span> <span class='ocrx_word' id='word_1_134' title='bbox 581 2475 634 2532; x_wconf 86' lang='lat' dir='ltr'><strong><em>tuti</em></strong></span> <span class='ocrx_word' id='word_1_135' title='bbox 659 2473 713 2524; x_wconf 87' lang='lat' dir='ltr'><strong><em>siut</em></strong></span> <span class='ocrx_word' id='word_1_136' title='bbox 730 2482 755 2523; x_wconf 87' lang='lat' dir='ltr'><strong><em>et</em></strong></span> <span class='ocrx_word' id='word_1_137' title='bbox 772 2471 858 2524; x_wconf 83' lang='lat' dir='ltr'><strong><em>abditi</em></strong></span> 
     </span>
     <span class='ocr_line' id='line_1_30' title="bbox 376 2541 858 2604; baseline -0.008 -10"><span class='ocrx_word' id='word_1_138' title='bbox 376 2560 408 2604; x_wconf 89' lang='lat'><strong><em>2,</em></strong></span> <span class='ocrx_word' id='word_1_139' title='bbox 435 2546 473 2594; x_wconf 83' lang='lat' dir='ltr'><strong><em>rt.</em></strong></span> <span class='ocrx_word' id='word_1_140' title='bbox 498 2541 531 2595; x_wconf 83' lang='lat' dir='ltr'><strong><em>cf.</em></strong></span> <span class='ocrx_word' id='word_1_141' title='bbox 550 2541 583 2594; x_wconf 84' lang='lat' dir='ltr'><strong><em>ud</em></strong></span> <span class='ocrx_word' id='word_1_142' title='bbox 602 2545 630 2601; x_wconf 86' lang='lat'><strong><em>8,</em></strong></span> <span class='ocrx_word' id='word_1_143' title='bbox 654 2547 677 2591; x_wconf 78' lang='grc' dir='ltr'><strong><em>ι.</em></strong></span> <span class='ocrx_word' id='word_1_144' title='bbox 717 2541 762 2592; x_wconf 85' lang='lat' dir='ltr'><strong><em>Sic</em></strong></span> <span class='ocrx_word' id='word_1_145' title='bbox 779 2541 806 2598; x_wconf 74' lang='grc' dir='ltr'><strong><em>θ,</em></strong></span> <span class='ocrx_word' id='word_1_146' title='bbox 826 2551 858 2604; x_wconf 89' lang='grc' dir='ltr'><strong><em>4ο</em></strong></span> 
     </span>
     <span class='ocr_line' id='line_1_31' title="bbox 369 2607 858 2676; baseline -0.01 -14"><span class='ocrx_word' id='word_1_147' title='bbox 369 2615 459 2662; x_wconf 73' lang='lat' dir='ltr'><strong><em>‘coniici</em></strong></span> <span class='ocrx_word' id='word_1_148' title='bbox 475 2614 502 2660; x_wconf 89' lang='lat' dir='ltr'><strong><em>in</em></strong></span> <span class='ocrx_word' id='word_1_149' title='bbox 518 2609 674 2674; x_wconf 80' lang='lat' dir='ltr'><strong><em>manipulos,</em></strong></span> <span class='ocrx_word' id='word_1_150' title='bbox 699 2607 813 2676; x_wconf 85' lang='lat' dir='ltr'><strong><em>recipere</em></strong></span> <span class='ocrx_word' id='word_1_151' title='bbox 830 2625 858 2657; x_wconf 90' lang='lat' dir='ltr'><strong><em>se</em></strong></span> 
     </span>
     <span class='ocr_line' id='line_1_32' title="bbox 371 2671 858 2739; baseline -0.016 -9"><span class='ocrx_word' id='word_1_152' title='bbox 371 2697 416 2739; x_wconf 84' lang='lat' dir='ltr'><strong><em>so,</em></strong></span> <span class='ocrx_word' id='word_1_153' title='bbox 430 2685 460 2728; x_wconf 90' lang='lat' dir='ltr'><strong><em>ut</em></strong></span> <span class='ocrx_word' id='word_1_154' title='bbox 474 2677 529 2728; x_wconf 88' lang='lat' dir='ltr'><strong><em>sint</em></strong></span> <span class='ocrx_word' id='word_1_155' title='bbox 544 2675 604 2727; x_wconf 89' lang='lat' dir='ltr'><strong><em>tuti.</em></strong></span> <span class='ocrx_word' id='word_1_156' title='bbox 633 2673 685 2728; x_wconf 86' lang='lat' dir='ltr'><strong><em>Sed</em></strong></span> <span class='ocrx_word' id='word_1_157' title='bbox 698 2675 730 2733; x_wconf 85' lang='lat'><strong><em>3,</em></strong></span> <span class='ocrx_word' id='word_1_158' title='bbox 743 2681 782 2736; x_wconf 84' lang='grc'><strong>24.</strong></span> <span class='ocrx_word' id='word_1_159' title='bbox 795 2671 858 2723; x_wconf 77' lang='lat' dir='ltr'><strong><em>cim·</em></strong></span> 
     </span>
    </p>
   </div>
   <div class='ocr_carea' id='block_1_8' title="bbox 370 2739 895 2862">
    <p class='ocr_par' dir='ltr' id='par_1_15' title="bbox 370 2739 895 2862">
     <span class='ocr_line' id='line_1_33' title="bbox 370 2739 895 2862; baseline -0.011 -67"><span class='ocrx_word' id='word_1_160' title='bbox 370 2744 476 2862; x_wconf 57' lang='grc' dir='ltr'>Γιίιίιιι</span> <span class='ocrx_word' id='word_1_161' title='bbox 488 2752 540 2802; x_wconf 84' lang='lat' dir='ltr'><strong><em>est,</em></strong></span> <span class='ocrx_word' id='word_1_162' title='bbox 557 2741 677 2794; x_wconf 83' lang='lat' dir='ltr'><strong><em>collocare</em></strong></span> <span class='ocrx_word' id='word_1_163' title='bbox 690 2740 779 2810; x_wconf 82' lang='lat' dir='ltr'><strong><em>aliquo</em></strong></span> <span class='ocrx_word' id='word_1_164' title='bbox 791 2739 858 2802; x_wconf 82' lang='lat' dir='ltr'><strong><em>loeo,</em></strong></span> <span class='ocrx_word' id='word_1_165' title='bbox 892 2775 895 2781; x_wconf 84' lang='lat'>-</span> 
     </span>
    </p>
   </div>
   <div class='ocr_carea' id='block_1_9' title="bbox 368 2807 857 3212">
    <p class='ocr_par' dir='ltr' id='par_1_16' title="bbox 368 2807 857 3212">
     <span class='ocr_line' id='line_1_34' title="bbox 381 2807 857 2876; baseline -0.011 -13"><span class='ocrx_word' id='word_1_166' title='bbox 381 2830 459 2863; x_wconf 89' lang='lat' dir='ltr'><strong><em>ocum</em></strong></span> <span class='ocrx_word' id='word_1_167' title='bbox 480 2811 512 2861; x_wconf 85' lang='lat' dir='ltr'><strong><em>iis</em></strong></span> <span class='ocrx_word' id='word_1_168' title='bbox 533 2807 676 2876; x_wconf 77' lang='lat' dir='ltr'>adsignare.</span> <span class='ocrx_word' id='word_1_169' title='bbox 714 2809 806 2858; x_wconf 87' lang='lat' dir='ltr'><strong><em>Coniici</em></strong></span> <span class='ocrx_word' id='word_1_170' title='bbox 829 2809 857 2858; x_wconf 86' lang='lat' dir='ltr'><strong><em>in</em></strong></span> 
     </span>
     <span class='ocr_line' id='line_1_35' title="bbox 370 2873 856 2944; baseline -0.004 -16"><span class='ocrx_word' id='word_1_171' title='bbox 370 2891 467 2928; x_wconf 83' lang='lat' dir='ltr'><strong><em>noctem</em></strong></span> <span class='ocrx_word' id='word_1_172' title='bbox 480 2877 578 2929; x_wconf 87' lang='lat' dir='ltr'><strong><em>dicitur</em></strong></span> <span class='ocrx_word' id='word_1_173' title='bbox 588 2876 610 2927; x_wconf 86' lang='lat' dir='ltr'><strong><em>is</em></strong></span> <span class='ocrx_word' id='word_1_174' title='bbox 619 2914 626 2935; x_wconf 93' lang='lat'><strong><em>,</em></strong></span> <span class='ocrx_word' id='word_1_175' title='bbox 635 2893 713 2944; x_wconf 88' lang='lat' dir='ltr'><strong><em>quem</em></strong></span> <span class='ocrx_word' id='word_1_176' title='bbox 728 2883 787 2942; x_wconf 86' lang='lat' dir='ltr'><strong><em>post</em></strong></span> <span class='ocrx_word' id='word_1_177' title='bbox 798 2873 856 2926; x_wconf 87' lang='lat' dir='ltr'><strong><em>diu·</em></strong></span> 
     </span>
     <span class='ocr_line' id='line_1_36' title="bbox 370 2944 855 2995; baseline -0.004 -1"><span class='ocrx_word' id='word_1_178' title='bbox 370 2954 478 2995; x_wconf 85' lang='lat' dir='ltr'><strong><em>turuum</em></strong></span> <span class='ocrx_word' id='word_1_179' title='bbox 495 2944 597 2994; x_wconf 85' lang='lat' dir='ltr'><strong><em>itineris</em></strong></span> <span class='ocrx_word' id='word_1_180' title='bbox 608 2959 720 2994; x_wconf 85' lang='lat' dir='ltr'><strong><em>errorem</em></strong></span> <span class='ocrx_word' id='word_1_181' title='bbox 733 2959 785 2990; x_wconf 79' lang='lat' dir='ltr'><strong><em>nox</em></strong></span> <span class='ocrx_word' id='word_1_182' title='bbox 798 2949 855 2992; x_wconf 84' lang='lat' dir='ltr'><strong><em>tau·</em></strong></span> 
     </span>
     <span class='ocr_line' id='line_1_37' title="bbox 370 3007 857 3079; baseline -0.01 -17"><span class='ocrx_word' id='word_1_183' title='bbox 370 3010 431 3079; x_wconf 82' lang='lat' dir='ltr'><strong><em>dem</em></strong></span> <span class='ocrx_word' id='word_1_184' title='bbox 458 3009 588 3079; x_wconf 87' lang='lat' dir='ltr'><strong><em>opprimit</em></strong></span> <span class='ocrx_word' id='word_1_185' title='bbox 609 3009 640 3060; x_wconf 90' lang='lat' dir='ltr'><strong><em>C.</em></strong></span> <span class='ocrx_word' id='word_1_186' title='bbox 658 3007 700 3072; x_wconf 82' lang='lat'><strong><em>3.‚</em></strong></span> <span class='ocrx_word' id='word_1_187' title='bbox 718 3011 758 3058; x_wconf 86' lang='grc'><strong>28.</strong></span> <span class='ocrx_word' id='word_1_188' title='bbox 774 3011 857 3058; x_wconf 75' lang='lat' dir='ltr'><strong><em>conte-</em></strong></span> 
     </span>
     <span class='ocr_line' id='line_1_38' title="bbox 368 3075 855 3140; baseline -0.002 -12"><span class='ocrx_word' id='word_1_189' title='bbox 368 3089 434 3128; x_wconf 80' lang='lat' dir='ltr'><strong><em>stum</em></strong></span> <span class='ocrx_word' id='word_1_190' title='bbox 450 3081 482 3127; x_wconf 83' lang='lat' dir='ltr'><strong><em>in</em></strong></span> <span class='ocrx_word' id='word_1_191' title='bbox 494 3087 589 3124; x_wconf 77' lang='lat' dir='ltr'><strong><em>noctem</em></strong></span> <span class='ocrx_word' id='word_1_192' title='bbox 605 3075 746 3140; x_wconf 76' lang='lat' dir='ltr'><strong><em>proelium,</em></strong></span> <span class='ocrx_word' id='word_1_193' title='bbox 763 3094 793 3124; x_wconf 89' lang='lat' dir='ltr'><strong><em>eo</em></strong></span> <span class='ocrx_word' id='word_1_194' title='bbox 810 3093 855 3127; x_wconf 82' lang='lat' dir='ltr'><strong><em>us·</em></strong></span> 
     </span>
     <span class='ocr_line' id='line_1_39' title="bbox 370 3143 663 3212; baseline -0.01 -18"><span class='ocrx_word' id='word_1_195' title='bbox 370 3162 421 3212; x_wconf 90' lang='lat' dir='ltr'><strong><em>que</em></strong></span> <span class='ocrx_word' id='word_1_196' title='bbox 440 3151 551 3196; x_wconf 84' lang='lat' dir='ltr'><strong><em>tractum</em></strong></span> <span class='ocrx_word' id='word_1_197' title='bbox 568 3143 612 3193; x_wconf 79' lang='lat' dir='ltr'><strong><em>As.</em></strong></span> <span class='ocrx_word' id='word_1_198' title='bbox 632 3147 663 3192; x_wconf 85' lang='grc'><strong><em>52</em></strong></span> 
     </span>
    </p>
   </div>
   <div class='ocr_carea' id='block_1_10' title="bbox 338 3207 860 3287">
    <p class='ocr_par' dir='ltr' id='par_1_17' title="bbox 338 3207 860 3287">
     <span class='ocr_line' id='line_1_40' title="bbox 338 3207 860 3287; baseline 0 -27"><span class='ocrx_word' id='word_1_199' title='bbox 338 3211 496 3280; x_wconf 71' lang='lat' dir='ltr'><strong><em>coniungere</em></strong></span> <span class='ocrx_word' id='word_1_200' title='bbox 520 3221 617 3260; x_wconf 86' lang='lat' dir='ltr'><strong><em>noctem</em></strong></span> <span class='ocrx_word' id='word_1_201' title='bbox 632 3209 696 3270; x_wconf 85' lang='lat' dir='ltr'><strong><em>diei,</em></strong></span> <span class='ocrx_word' id='word_1_202' title='bbox 713 3207 745 3260; x_wconf 87' lang='lat' dir='ltr'><strong><em>de</em></strong></span> <span class='ocrx_word' id='word_1_203' title='bbox 760 3208 860 3287; x_wconf 27' lang='lat' dir='ltr'><strong><em>,conqui&#39;</em></strong></span> 
     </span>
    </p>
   </div>
   <div class='ocr_carea' id='block_1_11' title="bbox 258 3277 855 4480">
    <p class='ocr_par' dir='ltr' id='par_1_18' title="bbox 258 3277 855 4480">
     <span class='ocr_line' id='line_1_41' title="bbox 368 3277 855 3361; baseline -0.002 -32"><span class='ocrx_word' id='word_1_204' title='bbox 368 3277 415 3329; x_wconf 91' lang='lat' dir='ltr'><strong><em>diu</em></strong></span> <span class='ocrx_word' id='word_1_205' title='bbox 433 3285 563 3361; x_wconf 80' lang='lat' dir='ltr'><strong><em>noctuque</em></strong></span> <span class='ocrx_word' id='word_1_206' title='bbox 586 3277 640 3328; x_wconf 84' lang='lat' dir='ltr'><strong><em>siue</em></strong></span> <span class='ocrx_word' id='word_1_207' title='bbox 660 3277 855 3328; x_wconf 78' lang='lat' dir='ltr'><strong><em>intermissione</em></strong></span> 
     </span>
     <span class='ocr_line' id='line_1_42' title="bbox 370 3341 854 3412; baseline -0.004 -18"><span class='ocrx_word' id='word_1_208' title='bbox 370 3345 420 3396; x_wconf 88' lang='lat' dir='ltr'><strong><em>iter</em></strong></span> <span class='ocrx_word' id='word_1_209' title='bbox 437 3345 499 3397; x_wconf 78' lang='lat' dir='ltr'><strong><em>facit</em></strong></span> <span class='ocrx_word' id='word_1_210' title='bbox 511 3344 543 3395; x_wconf 77' lang='grc' dir='ltr'><strong>ί..</strong></span> <span class='ocrx_word' id='word_1_211' title='bbox 554 3345 584 3403; x_wconf 85' lang='grc'><strong><em>3,</em></strong></span> <span class='ocrx_word' id='word_1_212' title='bbox 606 3341 643 3393; x_wconf 83' lang='grc' dir='ltr'><strong><em>ι3.</em></strong></span> <span class='ocrx_word' id='word_1_213' title='bbox 662 3348 745 3412; x_wconf 78' lang='lat' dir='ltr'><strong><em>regio,</em></strong></span> <span class='ocrx_word' id='word_1_214' title='bbox 762 3360 854 3394; x_wconf 83' lang='lat' dir='ltr'><strong><em>oceano</em></strong></span> 
     </span>
     <span class='ocr_line' id='line_1_43' title="bbox 370 3408 855 3472; baseline 0.002 -11"><span class='ocrx_word' id='word_1_215' title='bbox 370 3415 518 3472; x_wconf 83' lang='lat' dir='ltr'><strong><em>coniuncta,</em></strong></span> <span class='ocrx_word' id='word_1_216' title='bbox 542 3408 670 3471; x_wconf 82' lang='lat' dir='ltr'><strong><em>finitima,</em></strong></span> <span class='ocrx_word' id='word_1_217' title='bbox 691 3411 855 3462; x_wconf 77' lang='lat' dir='ltr'><strong><em>contermina</em></strong></span> 
     </span>
     <span class='ocr_line' id='line_1_44' title="bbox 370 3481 448 3540; baseline -0.013 -11"><span class='ocrx_word' id='word_1_218' title='bbox 370 3481 399 3536; x_wconf 83' lang='lat'><strong><em>8,</em></strong></span> <span class='ocrx_word' id='word_1_219' title='bbox 418 3481 448 3540; x_wconf 82' lang='grc'><strong><em>46</em></strong></span> 
     </span>
     <span class='ocr_line' id='line_1_45' title="bbox 337 3541 757 3606; baseline -0.005 -12"><span class='ocrx_word' id='word_1_220' title='bbox 337 3545 480 3601; x_wconf 78' lang='lat' dir='ltr'><strong><em>Coniurare</em></strong></span> <span class='ocrx_word' id='word_1_221' title='bbox 496 3541 529 3594; x_wconf 87' lang='lat' dir='ltr'><strong><em>de</em></strong></span> <span class='ocrx_word' id='word_1_222' title='bbox 547 3543 680 3595; x_wconf 80' lang='lat' dir='ltr'><strong>militibus</strong></span> <span class='ocrx_word' id='word_1_223' title='bbox 699 3559 725 3606; x_wconf 90' lang='lat'><strong><em>7,</em></strong></span> <span class='ocrx_word' id='word_1_224' title='bbox 748 3561 757 3592; x_wconf 87' lang='grc' dir='ltr'>ι</span> 
     </span>
     <span class='ocr_line' id='line_1_46' title="bbox 258 3609 852 3678; baseline 0 -18"><span class='ocrx_word' id='word_1_225' title='bbox 258 3629 265 3638; x_wconf 78' lang='grc'><em>’</em></span> <span class='ocrx_word' id='word_1_226' title='bbox 337 3613 470 3678; x_wconf 69' lang='lat' dir='ltr'><strong><em>Conligata</em></strong></span> <span class='ocrx_word' id='word_1_227' title='bbox 494 3621 575 3670; x_wconf 70' lang='lat' dir='ltr'><strong><em>curta,</em></strong></span> <span class='ocrx_word' id='word_1_228' title='bbox 627 3629 673 3662; x_wconf 82' lang='lat' dir='ltr'><strong><em>uae</em></strong></span> <span class='ocrx_word' id='word_1_229' title='bbox 699 3609 852 3665; x_wconf 78' lang='lat' dir='ltr'><strong>cohaerent,</strong></span> 
     </span>
     <span class='ocr_line' id='line_1_47' title="bbox 367 3628 853 3748; baseline -0.004 -20"><span class='ocrx_word' id='word_1_230' title='bbox 367 3679 427 3748; x_wconf 83' lang='lat' dir='ltr'><strong><em>quie</em></strong></span> <span class='ocrx_word' id='word_1_231' title='bbox 440 3675 513 3744; x_wconf 84' lang='lat' dir='ltr'><strong><em>plum</em></strong></span> <span class='ocrx_word' id='word_1_232' title='bbox 524 3695 577 3728; x_wconf 87' lang='lat' dir='ltr'><strong><em>unu</em></strong></span> <span class='ocrx_word' id='word_1_233' title='bbox 588 3628 643 3746; x_wconf 86' lang='lat' dir='ltr'><strong><em>pilo</em></strong></span> <span class='ocrx_word' id='word_1_234' title='bbox 654 3675 780 3730; x_wconf 76' lang='lat' dir='ltr'><strong><em>transfixo</em></strong></span> <span class='ocrx_word' id='word_1_235' title='bbox 789 3683 853 3728; x_wconf 84' lang='lat' dir='ltr'><strong><em>suut</em></strong></span> 
     </span>
     <span class='ocr_line' id='line_1_48' title="bbox 370 3748 447 3800; baseline 0.013 -5"><span class='ocrx_word' id='word_1_236' title='bbox 370 3761 398 3800; x_wconf 86' lang='lat'><strong><em>1,</em></strong></span> <span class='ocrx_word' id='word_1_237' title='bbox 417 3748 447 3796; x_wconf 83' lang='grc'><strong><em>25</em></strong></span> 
     </span>
     <span class='ocr_line' id='line_1_49' title="bbox 335 3808 708 3876; baseline 0 -16"><span class='ocrx_word' id='word_1_238' title='bbox 335 3811 498 3876; x_wconf 66' lang='lat' dir='ltr'><strong><em>conquisitor</em></strong></span> <span class='ocrx_word' id='word_1_239' title='bbox 509 3808 624 3860; x_wconf 84' lang='lat' dir='ltr'><strong><em>militum</em></strong></span> <span class='ocrx_word' id='word_1_240' title='bbox 641 3811 673 3862; x_wconf 82' lang='grc' dir='ltr'><strong>Α.</strong></span> <span class='ocrx_word' id='word_1_241' title='bbox 692 3828 708 3860; x_wconf 90' lang='grc'><strong>2</strong></span> 
     </span>
     <span class='ocr_line' id='line_1_50' title="bbox 335 3873 851 3946; baseline 0 -19"><span class='ocrx_word' id='word_1_242' title='bbox 335 3878 519 3946; x_wconf 75' lang='lat' dir='ltr'><strong><em>Consanguinei</em></strong></span> <span class='ocrx_word' id='word_1_243' title='bbox 534 3879 637 3943; x_wconf 77' lang='lat' dir='ltr'><strong><em>populi,</em></strong></span> <span class='ocrx_word' id='word_1_244' title='bbox 655 3893 767 3945; x_wconf 81' lang='lat' dir='ltr'><strong><em>quorum</em></strong></span> <span class='ocrx_word' id='word_1_245' title='bbox 784 3873 851 3927; x_wconf 83' lang='lat' dir='ltr'><strong><em>alter</em></strong></span> 
     </span>
     <span class='ocr_line' id='line_1_51' title="bbox 364 3942 851 4000; baseline 0 -6"><span class='ocrx_word' id='word_1_246' title='bbox 364 3942 488 3994; x_wconf 79' lang='lat' dir='ltr'><strong><em>ubultero</em></strong></span> <span class='ocrx_word' id='word_1_247' title='bbox 501 3944 528 3992; x_wconf 87' lang='lat' dir='ltr'><strong><em>iu</em></strong></span> <span class='ocrx_word' id='word_1_248' title='bbox 543 3943 672 3996; x_wconf 85' lang='lat' dir='ltr'><strong><em>coloniam</em></strong></span> <span class='ocrx_word' id='word_1_249' title='bbox 689 3943 785 3994; x_wconf 78' lang='lat' dir='ltr'><strong><em>missus</em></strong></span> <span class='ocrx_word' id='word_1_250' title='bbox 800 3951 851 4000; x_wconf 84' lang='lat' dir='ltr'><strong><em>est,</em></strong></span> 
     </span>
     <span class='ocr_line' id='line_1_52' title="bbox 365 4008 851 4078; baseline -0.002 -18"><span class='ocrx_word' id='word_1_251' title='bbox 365 4018 410 4060; x_wconf 86' lang='lat' dir='ltr'><strong><em>eut</em></strong></span> <span class='ocrx_word' id='word_1_252' title='bbox 422 4013 466 4078; x_wconf 82' lang='lat' dir='ltr'><strong><em>qui</em></strong></span> <span class='ocrx_word' id='word_1_253' title='bbox 477 4019 599 4062; x_wconf 88' lang='lat' dir='ltr'><strong><em>mutuum</em></strong></span> <span class='ocrx_word' id='word_1_254' title='bbox 614 4009 714 4062; x_wconf 84' lang='lat' dir='ltr'><strong><em>habeut</em></strong></span> <span class='ocrx_word' id='word_1_255' title='bbox 726 4008 851 4062; x_wconf 64' lang='lat' dir='ltr'><strong><em>conuiuii</em></strong></span> 
     </span>
     <span class='ocr_line' id='line_1_53' title="bbox 364 4076 600 4137; baseline 0.004 -12"><span class='ocrx_word' id='word_1_256' title='bbox 364 4077 406 4126; x_wconf 89' lang='lat' dir='ltr'><strong><em>ius</em></strong></span> <span class='ocrx_word' id='word_1_257' title='bbox 429 4094 456 4135; x_wconf 88' lang='grc' dir='ltr'>ι,</span> <span class='ocrx_word' id='word_1_258' title='bbox 477 4093 514 4126; x_wconf 82' lang='grc' dir='ltr'>ιι.</span> <span class='ocrx_word' id='word_1_259' title='bbox 534 4093 565 4137; x_wconf 82' lang='lat'><strong><em>2,</em></strong></span> <span class='ocrx_word' id='word_1_260' title='bbox 584 4076 600 4126; x_wconf 88' lang='grc'>3</span> 
     </span>
     <span class='ocr_line' id='line_1_54' title="bbox 332 4144 722 4205; baseline 0.008 -14"><span class='ocrx_word' id='word_1_261' title='bbox 332 4144 503 4192; x_wconf 75' lang='lat' dir='ltr'><strong><em>Conscendere</em></strong></span> <span class='ocrx_word' id='word_1_262' title='bbox 520 4147 546 4192; x_wconf 89' lang='lat' dir='ltr'><strong><em>in</em></strong></span> <span class='ocrx_word' id='word_1_263' title='bbox 564 4161 642 4194; x_wconf 76' lang='lat' dir='ltr'><strong><em>naves</em></strong></span> <span class='ocrx_word' id='word_1_264' title='bbox 661 4148 688 4204; x_wconf 56' lang='lat'><strong><em>5„</em></strong></span> <span class='ocrx_word' id='word_1_265' title='bbox 707 4159 722 4205; x_wconf 89' lang='lat'>7</span> 
     </span>
     <span class='ocr_line' id='line_1_55' title="bbox 333 4208 851 4278; baseline 0.002 -20"><span class='ocrx_word' id='word_1_266' title='bbox 333 4208 449 4258; x_wconf 79' lang='lat' dir='ltr'><strong><em>Conscius</em></strong></span> <span class='ocrx_word' id='word_1_267' title='bbox 454 4210 557 4278; x_wconf 80' lang='lat' dir='ltr'><strong><em>m‘ei‚qui</em></strong></span> <span class='ocrx_word' id='word_1_268' title='bbox 566 4229 665 4262; x_wconf 84' lang='lat' dir='ltr'><strong><em>mecum</em></strong></span> <span class='ocrx_word' id='word_1_269' title='bbox 672 4209 851 4262; x_wconf 73' lang='lat' dir='ltr'><strong><em>eamdemuem</em></strong></span> 
     </span>
     <span class='ocr_line' id='line_1_56' title="bbox 361 4275 849 4391; baseline 0.006 -67"><span class='ocrx_word' id='word_1_270' title='bbox 361 4277 460 4391; x_wconf 55' lang='lat' dir='ltr'><strong><em>iuml</em></strong></span> <span class='ocrx_word' id='word_1_271' title='bbox 473 4276 645 4328; x_wconf 82' lang='lat' dir='ltr'><strong><em>consiliorum</em></strong></span> <span class='ocrx_word' id='word_1_272' title='bbox 666 4287 800 4346; x_wconf 79' lang='lat' dir='ltr'><strong><em>particeps</em></strong></span> <span class='ocrx_word' id='word_1_273' title='bbox 819 4275 849 4327; x_wconf 86' lang='lat' dir='ltr'><strong><em>C.</em></strong></span> 
     </span>
     <span class='ocr_line' id='line_1_57' title="bbox 388 4355 443 4398; baseline -0.036 -6"><span class='ocrx_word' id='word_1_274' title='bbox 388 4378 395 4398; x_wconf 93' lang='lat'><strong><em>,</em></strong></span> <span class='ocrx_word' id='word_1_275' title='bbox 416 4355 443 4392; x_wconf 91' lang='grc' dir='ltr'><strong><em>ιο</em></strong></span> 
     </span>
     <span class='ocr_line' id='line_1_58' title="bbox 330 4406 850 4480; baseline 0.012 -23"><span class='ocrx_word' id='word_1_276' title='bbox 330 4406 470 4476; x_wconf 82' lang='lat' dir='ltr'><strong><em>Consequi,</em></strong></span> <span class='ocrx_word' id='word_1_277' title='bbox 490 4417 644 4477; x_wconf 79' lang='lat' dir='ltr'><strong><em>praeeuntes</em></strong></span> <span class='ocrx_word' id='word_1_278' title='bbox 656 4412 745 4480; x_wconf 85' lang='lat' dir='ltr'><strong><em>sequi,</em></strong></span> <span class='ocrx_word' id='word_1_279' title='bbox 762 4418 792 4462; x_wconf 83' lang='lat' dir='ltr'><strong><em>ut</em></strong></span> <span class='ocrx_word' id='word_1_280' title='bbox 808 4427 850 4463; x_wconf 84' lang='lat' dir='ltr'><strong><em>oc-</em></strong></span> 
     </span>
    </p>
   </div>
   <div class='ocr_carea' id='block_1_12' title="bbox 0 0 1516 5326">
    <p class='ocr_par' dir='ltr' id='par_1_19' title="bbox 0 0 1516 5326">
     <span class='ocr_line' id='line_1_59' title="bbox 0 0 1516 5326; baseline 0 6"><span class='ocrx_word' id='word_1_281' title='bbox 0 0 1516 5326; x_wconf 95' lang='lat' dir='ltr'><strong><em> </em></strong></span> 
     </span>
    </p>
   </div>
   <div class='ocr_carea' id='block_1_13' title="bbox 880 1076 1011 1144">
    <p class='ocr_par' dir='ltr' id='par_1_20' title="bbox 880 1076 1011 1144">
     <span class='ocr_line' id='line_1_60' title="bbox 880 1076 1011 1144; baseline -0.008 -58"><span class='ocrx_word' id='word_1_282' title='bbox 880 1076 1011 1144; x_wconf 48' lang='lat' dir='ltr'>‚qui</span> 
     </span>
    </p>
   </div>
   <div class='ocr_carea' id='block_1_14' title="bbox 838 397 974 462">
    <p class='ocr_par' dir='ltr' id='par_1_21' title="bbox 838 397 974 462">
     <span class='ocr_line' id='line_1_61' title="bbox 838 397 974 462; baseline 0.029 -4"><span class='ocrx_word' id='word_1_283' title='bbox 838 397 974 462; x_wconf 78' lang='lat' dir='ltr'><strong><em>tuuux</em></strong></span> 
     </span>
    </p>
   </div>
   <div class='ocr_carea' id='block_1_15' title="bbox 920 601 1505 3746">
    <p class='ocr_par' dir='ltr' id='par_1_22' title="bbox 920 601 1505 3746">
     <span class='ocr_line' id='line_1_62' title="bbox 966 601 1459 674; baseline 0.008 -18"><span class='ocrx_word' id='word_1_284' title='bbox 966 603 1040 674; x_wconf 78' lang='lat' dir='ltr'><strong><em>cedes</em></strong></span> <span class='ocrx_word' id='word_1_285' title='bbox 1057 602 1090 656; x_wconf 82' lang='lat' dir='ltr'><strong><em>ed</em></strong></span> <span class='ocrx_word' id='word_1_286' title='bbox 1108 621 1150 656; x_wconf 86' lang='lat' dir='ltr'><strong><em>eos</em></strong></span> <span class='ocrx_word' id='word_1_287' title='bbox 1171 621 1200 665; x_wconf 85' lang='lat' dir='ltr'><strong><em>t,</em></strong></span> <span class='ocrx_word' id='word_1_288' title='bbox 1220 601 1260 658; x_wconf 77' lang='grc' dir='ltr'><strong><em>ι3.</em></strong></span> <span class='ocrx_word' id='word_1_289' title='bbox 1275 619 1343 659; x_wconf 76' lang='lat' dir='ltr'><strong><em>eous.</em></strong></span> <span class='ocrx_word' id='word_1_290' title='bbox 1360 619 1459 670; x_wconf 76' lang='lat' dir='ltr'><strong><em>turres,</em></strong></span> 
     </span>
     <span class='ocr_line' id='line_1_63' title="bbox 967 671 1462 744; baseline 0.008 -22"><span class='ocrx_word' id='word_1_291' title='bbox 967 671 1000 723; x_wconf 85' lang='lat' dir='ltr'><strong><em>ed</em></strong></span> <span class='ocrx_word' id='word_1_292' title='bbox 1018 690 1058 723; x_wconf 84' lang='lat' dir='ltr'><strong><em>cus</em></strong></span> <span class='ocrx_word' id='word_1_293' title='bbox 1076 672 1176 730; x_wconf 85' lang='lat' dir='ltr'><strong><em>venire,</em></strong></span> <span class='ocrx_word' id='word_1_294' title='bbox 1193 690 1236 724; x_wconf 85' lang='lat' dir='ltr'><strong><em>ees</em></strong></span> <span class='ocrx_word' id='word_1_295' title='bbox 1248 675 1351 744; x_wconf 78' lang='lat' dir='ltr'><strong><em>assequi</em></strong></span> <span class='ocrx_word' id='word_1_296' title='bbox 1368 675 1402 728; x_wconf 86' lang='grc' dir='ltr'><strong>Α.</strong></span> <span class='ocrx_word' id='word_1_297' title='bbox 1421 689 1462 726; x_wconf 73' lang='lat'><strong><em>20¹</em></strong></span> 
     </span>
     <span class='ocr_line' id='line_1_64' title="bbox 934 738 1458 804; baseline 0.004 -12"><span class='ocrx_word' id='word_1_298' title='bbox 934 739 1071 792; x_wconf 71' lang='lat' dir='ltr'><strong><em>Orestem</em></strong></span> <span class='ocrx_word' id='word_1_299' title='bbox 1099 738 1197 791; x_wconf 80' lang='lat' dir='ltr'><strong><em>dicitur</em></strong></span> <span class='ocrx_word' id='word_1_300' title='bbox 1225 745 1373 804; x_wconf 81' lang='lat' dir='ltr'><strong><em>exercitus,</em></strong></span> <span class='ocrx_word' id='word_1_301' title='bbox 1404 742 1458 795; x_wconf 79' lang='lat' dir='ltr'><strong><em>uhi·</em></strong></span> 
     </span>
     <span class='ocr_line' id='line_1_65' title="bbox 966 803 1457 887; baseline -0.006 -27"><span class='ocrx_word' id='word_1_302' title='bbox 966 813 1047 860; x_wconf 73' lang='lat' dir='ltr'><strong><em>cestra</em></strong></span> <span class='ocrx_word' id='word_1_303' title='bbox 1065 807 1143 887; x_wconf 81' lang='lat' dir='ltr'><strong><em>ponit</em></strong></span> <span class='ocrx_word' id='word_1_304' title='bbox 1162 821 1192 866; x_wconf 85' lang='lat' dir='ltr'><strong><em>s,</em></strong></span> <span class='ocrx_word' id='word_1_305' title='bbox 1212 808 1251 870; x_wconf 84' lang='grc'><strong>48.</strong></span> <span class='ocrx_word' id='word_1_306' title='bbox 1269 803 1301 868; x_wconf 83' lang='grc'><strong><em>3,</em></strong></span> <span class='ocrx_word' id='word_1_307' title='bbox 1327 814 1364 874; x_wconf 84' lang='lat'>&#39;¹7·</span> <span class='ocrx_word' id='word_1_308' title='bbox 1384 813 1457 876; x_wconf 77' lang='lat'><strong><em>5‚9</em></strong></span> 
     </span>
     <span class='ocr_line' id='line_1_66' title="bbox 933 873 1454 941; baseline 0 -16"><span class='ocrx_word' id='word_1_309' title='bbox 933 874 1091 932; x_wconf 71' lang='lat' dir='ltr'><em>Consilium,</em></span> <span class='ocrx_word' id='word_1_310' title='bbox 1125 873 1268 926; x_wconf 80' lang='lat' dir='ltr'><strong><em>consultare</em></strong></span> <span class='ocrx_word' id='word_1_311' title='bbox 1298 874 1328 924; x_wconf 91' lang='lat' dir='ltr'><strong><em>C.</em></strong></span> <span class='ocrx_word' id='word_1_312' title='bbox 1355 893 1382 935; x_wconf 90' lang='lat' dir='ltr'><strong><em>r,</em></strong></span> <span class='ocrx_word' id='word_1_313' title='bbox 1413 893 1454 941; x_wconf 79' lang='lat'><strong><em>¹9·</em></strong></span> 
     </span>
     <span class='ocr_line' id='line_1_67' title="bbox 967 939 1453 1005; baseline 0 -14"><span class='ocrx_word' id='word_1_314' title='bbox 967 940 1007 1005; x_wconf 79' lang='grc'><strong>73.</strong></span> <span class='ocrx_word' id='word_1_315' title='bbox 1024 939 1068 993; x_wconf 81' lang='lat' dir='ltr'><strong><em>sie</em></strong></span> <span class='ocrx_word' id='word_1_316' title='bbox 1084 941 1113 991; x_wconf 86' lang='lat' dir='ltr'><strong><em>in</em></strong></span> <span class='ocrx_word' id='word_1_317' title='bbox 1124 939 1199 992; x_wconf 87' lang='lat' dir='ltr'><strong><em>codd.</em></strong></span> <span class='ocrx_word' id='word_1_318' title='bbox 1217 939 1341 993; x_wconf 78' lang='lat' dir='ltr'><strong><em>omuibus</em></strong></span> <span class='ocrx_word' id='word_1_319' title='bbox 1358 941 1453 993; x_wconf 80' lang='lat' dir='ltr'><strong><em>scribi-</em></strong></span> 
     </span>
     <span class='ocr_line' id='line_1_68' title="bbox 964 1003 1458 1077; baseline 0.004 -19"><span class='ocrx_word' id='word_1_320' title='bbox 964 1015 1008 1058; x_wconf 87' lang='lat' dir='ltr'><strong><em>tur</em></strong></span> <span class='ocrx_word' id='word_1_321' title='bbox 1043 1009 1109 1060; x_wconf 85' lang='lat' dir='ltr'><strong><em>tiore</em></strong></span> <span class='ocrx_word' id='word_1_322' title='bbox 1127 1009 1155 1058; x_wconf 88' lang='lat' dir='ltr'><strong><em>iu</em></strong></span> <span class='ocrx_word' id='word_1_323' title='bbox 1172 1003 1287 1066; x_wconf 85' lang='lat' dir='ltr'><strong><em>loco,⁸in</em></strong></span> <span class='ocrx_word' id='word_1_324' title='bbox 1305 1011 1458 1077; x_wconf 78' lang='lat' dir='ltr'><strong><em>posteriore</em></strong></span> 
     </span>
     <span class='ocr_line' id='line_1_69' title="bbox 1012 1027 1356 1127; baseline -0.009 0"><span class='ocrx_word' id='word_1_325' title='bbox 1012 1027 1072 1127; x_wconf 67' lang='lat' dir='ltr'><strong><em>&lt;lim</em></strong></span> <span class='ocrx_word' id='word_1_326' title='bbox 1089 1073 1189 1126; x_wconf 80' lang='lat' dir='ltr'><strong><em>hebent</em></strong></span> <span class='ocrx_word' id='word_1_327' title='bbox 1204 1073 1356 1126; x_wconf 77' lang='lat' dir='ltr'><strong><em>consultore.</em></strong></span> 
     </span>
     <span class='ocr_line' id='line_1_70' title="bbox 932 1140 1454 1210; baseline -0.006 -16"><span class='ocrx_word' id='word_1_328' title='bbox 932 1141 1073 1210; x_wconf 67' lang='lat' dir='ltr'><strong><em>Consilium</em></strong></span> <span class='ocrx_word' id='word_1_329' title='bbox 1097 1146 1183 1192; x_wconf 81' lang='lat' dir='ltr'><strong><em>ineunt</em></strong></span> <span class='ocrx_word' id='word_1_330' title='bbox 1199 1140 1323 1192; x_wconf 74' lang='lat' dir='ltr'><strong><em>rebellare</em></strong></span> <span class='ocrx_word' id='word_1_331' title='bbox 1345 1147 1356 1206; x_wconf 94' lang='lat'>(</span> <span class='ocrx_word' id='word_1_332' title='bbox 1366 1140 1454 1193; x_wconf 83' lang='lat' dir='ltr'><strong><em>rebel·</em></strong></span> 
     </span>
     <span class='ocr_line' id='line_1_71' title="bbox 963 1207 1452 1276; baseline -0.002 -17"><span class='ocrx_word' id='word_1_333' title='bbox 963 1207 1038 1260; x_wconf 78' lang='lat' dir='ltr'><strong><em>laudi</em></strong></span> <span class='ocrx_word' id='word_1_334' title='bbox 1056 1213 1085 1266; x_wconf 91' lang='lat'><strong><em>8,</em></strong></span> <span class='ocrx_word' id='word_1_335' title='bbox 1105 1217 1145 1273; x_wconf 84' lang='grc'><strong>44.</strong></span> <span class='ocrx_word' id='word_1_336' title='bbox 1161 1208 1291 1258; x_wconf 84' lang='lat' dir='ltr'><strong><em>consilium</em></strong></span> <span class='ocrx_word' id='word_1_337' title='bbox 1307 1213 1372 1276; x_wconf 80' lang='lat' dir='ltr'><strong><em>capit</em></strong></span> <span class='ocrx_word' id='word_1_338' title='bbox 1388 1225 1452 1273; x_wconf 81' lang='lat' dir='ltr'><strong><em>pro-</em></strong></span> 
     </span>
     <span class='ocr_line' id='line_1_72' title="bbox 955 1275 1451 1347; baseline -0.002 -22"><span class='ocrx_word' id='word_1_339' title='bbox 955 1275 1048 1347; x_wconf 73' lang='lat' dir='ltr'><strong><em>fugere</em></strong></span> <span class='ocrx_word' id='word_1_340' title='bbox 1060 1291 1100 1344; x_wconf 61' lang='lat'><strong><em>0,</em></strong></span> <span class='ocrx_word' id='word_1_341' title='bbox 1122 1277 1163 1325; x_wconf 86' lang='grc'><strong>26.</strong></span> <span class='ocrx_word' id='word_1_342' title='bbox 1180 1275 1307 1324; x_wconf 66' lang='lat' dir='ltr'><strong><em>sensilium</em></strong></span> <span class='ocrx_word' id='word_1_343' title='bbox 1324 1278 1392 1344; x_wconf 80' lang='lat' dir='ltr'><strong><em>capit</em></strong></span> <span class='ocrx_word' id='word_1_344' title='bbox 1409 1276 1451 1324; x_wconf 85' lang='lat' dir='ltr'><strong><em>di-</em></strong></span> 
     </span>
     <span class='ocr_line' id='line_1_73' title="bbox 962 1341 1454 1406; baseline 0 -13"><span class='ocrx_word' id='word_1_345' title='bbox 962 1348 1063 1394; x_wconf 81' lang='lat' dir='ltr'><strong><em>mittere</em></strong></span> <span class='ocrx_word' id='word_1_346' title='bbox 1081 1353 1115 1406; x_wconf 84' lang='lat'><strong><em>7,</em></strong></span> <span class='ocrx_word' id='word_1_347' title='bbox 1137 1355 1177 1404; x_wconf 72' lang='lat'><strong><em>71.</em></strong></span> <span class='ocrx_word' id='word_1_348' title='bbox 1194 1341 1337 1402; x_wconf 81' lang='lat' dir='ltr'><strong><em>consilirun,</em></strong></span> <span class='ocrx_word' id='word_1_349' title='bbox 1359 1350 1454 1394; x_wconf 67' lang='lat' dir='ltr'><strong><em>coetus</em></strong></span> 
     </span>
     <span class='ocr_line' id='line_1_74' title="bbox 962 1407 1452 1468; baseline -0.004 -6"><span class='ocrx_word' id='word_1_350' title='bbox 962 1408 1166 1462; x_wconf 79' lang='lat' dir='ltr'><strong><em>deliberantium</em></strong></span> <span class='ocrx_word' id='word_1_351' title='bbox 1183 1407 1220 1466; x_wconf 80' lang='lat'><strong><em>3,</em></strong></span> <span class='ocrx_word' id='word_1_352' title='bbox 1241 1407 1267 1458; x_wconf 84' lang='lat'><strong><em>3.</em></strong></span> <span class='ocrx_word' id='word_1_353' title='bbox 1289 1407 1328 1460; x_wconf 85' lang='lat'><strong><em>23.</em></strong></span> <span class='ocrx_word' id='word_1_354' title='bbox 1347 1415 1383 1468; x_wconf 84' lang='lat'><strong><em>5,</em></strong></span> <span class='ocrx_word' id='word_1_355' title='bbox 1407 1413 1452 1461; x_wconf 83' lang='lat'><strong><em>28.</em></strong></span> 
     </span>
     <span class='ocr_line' id='line_1_75' title="bbox 963 1473 1454 1542; baseline -0.004 -14"><span class='ocrx_word' id='word_1_356' title='bbox 963 1473 1003 1528; x_wconf 81' lang='lat'><strong><em>31.</em></strong></span> <span class='ocrx_word' id='word_1_357' title='bbox 1020 1477 1051 1528; x_wconf 87' lang='lat' dir='ltr'><strong><em>it.</em></strong></span> <span class='ocrx_word' id='word_1_358' title='bbox 1072 1492 1099 1538; x_wconf 89' lang='grc' dir='ltr'>ι,</span> <span class='ocrx_word' id='word_1_359' title='bbox 1122 1484 1169 1542; x_wconf 64' lang='grc' dir='ltr'><strong><em>4ος</em></strong></span> <span class='ocrx_word' id='word_1_360' title='bbox 1194 1473 1240 1528; x_wconf 89' lang='lat' dir='ltr'><strong><em>ubi</em></strong></span> <span class='ocrx_word' id='word_1_361' title='bbox 1257 1475 1368 1528; x_wconf 81' lang='lat' dir='ltr'><strong><em>militare</em></strong></span> <span class='ocrx_word' id='word_1_362' title='bbox 1386 1493 1454 1528; x_wconf 83' lang='lat' dir='ltr'><strong><em>con-</em></strong></span> 
     </span>
     <span class='ocr_line' id='line_1_76' title="bbox 962 1541 1454 1609; baseline -0.002 -14"><span class='ocrx_word' id='word_1_363' title='bbox 962 1542 1054 1596; x_wconf 84' lang='lat' dir='ltr'><strong><em>silium</em></strong></span> <span class='ocrx_word' id='word_1_364' title='bbox 1069 1561 1090 1595; x_wconf 84' lang='lat' dir='ltr'><strong><em>s.</em></strong></span> <span class='ocrx_word' id='word_1_365' title='bbox 1109 1541 1268 1593; x_wconf 73' lang='lat' dir='ltr'><strong><em>Praetorium</em></strong></span> <span class='ocrx_word' id='word_1_366' title='bbox 1282 1541 1454 1609; x_wconf 81' lang='lat' dir='ltr'><strong><em>intelligitur.</em></strong></span> 
     </span>
     <span class='ocr_line' id='line_1_77' title="bbox 962 1605 1459 1683; baseline 0.002 -23"><span class='ocrx_word' id='word_1_367' title='bbox 962 1605 994 1660; x_wconf 86' lang='lat' dir='ltr'><strong><em>ln</em></strong></span> <span class='ocrx_word' id='word_1_368' title='bbox 1015 1611 1057 1662; x_wconf 82' lang='lat' dir='ltr'><strong><em>iris</em></strong></span> <span class='ocrx_word' id='word_1_369' title='bbox 1079 1609 1141 1662; x_wconf 84' lang='lat' dir='ltr'><strong><em>locis</em></strong></span> <span class='ocrx_word' id='word_1_370' title='bbox 1159 1608 1312 1679; x_wconf 84' lang='lat' dir='ltr'><strong><em>plerumque</em></strong></span> <span class='ocrx_word' id='word_1_371' title='bbox 1334 1617 1373 1660; x_wconf 81' lang='lat' dir='ltr'><strong><em>est</em></strong></span> <span class='ocrx_word' id='word_1_372' title='bbox 1392 1627 1459 1683; x_wconf 61' lang='lat' dir='ltr'><strong><em>ver.⁸</em></strong></span> 
     </span>
     <span class='ocr_line' id='line_1_78' title="bbox 961 1674 1453 1744; baseline -0.002 -16"><span class='ocrx_word' id='word_1_373' title='bbox 961 1674 1020 1729; x_wconf 85' lang='lat' dir='ltr'><strong><em>lect.</em></strong></span> <span class='ocrx_word' id='word_1_374' title='bbox 1034 1677 1176 1735; x_wconf 64' lang='lat' dir='ltr'><strong><em>conciliums</em></strong></span> <span class='ocrx_word' id='word_1_375' title='bbox 1193 1675 1241 1728; x_wconf 81' lang='lat' dir='ltr'><strong><em>sed</em></strong></span> <span class='ocrx_word' id='word_1_376' title='bbox 1255 1675 1302 1726; x_wconf 88' lang='lat' dir='ltr'><strong><em>hoc</em></strong></span> <span class='ocrx_word' id='word_1_377' title='bbox 1319 1675 1453 1744; x_wconf 83' lang='lat' dir='ltr'><strong><em>siguificat</em></strong></span> 
     </span>
     <span class='ocr_line' id='line_1_79' title="bbox 962 1741 1454 1812; baseline -0.002 -18"><span class='ocrx_word' id='word_1_378' title='bbox 962 1741 1106 1812; x_wconf 80' lang='lat' dir='ltr'><strong><em>quemlibet</em></strong></span> <span class='ocrx_word' id='word_1_379' title='bbox 1115 1751 1217 1796; x_wconf 80' lang='lat' dir='ltr'><strong><em>coetum</em></strong></span> <span class='ocrx_word' id='word_1_380' title='bbox 1226 1756 1236 1807; x_wconf 81' lang='lat'><strong><em>3·</em></strong></span> <span class='ocrx_word' id='word_1_381' title='bbox 1245 1742 1375 1792; x_wconf 83' lang='lat' dir='ltr'><strong><em>consilium</em></strong></span> <span class='ocrx_word' id='word_1_382' title='bbox 1385 1761 1454 1793; x_wconf 80' lang='lat' dir='ltr'><strong><em>vero</em></strong></span> 
     </span>
     <span class='ocr_line' id='line_1_80' title="bbox 961 1807 1449 1862; baseline 0 -2"><span class='ocrx_word' id='word_1_383' title='bbox 961 1819 1001 1862; x_wconf 87' lang='lat' dir='ltr'><strong><em>est</em></strong></span> <span class='ocrx_word' id='word_1_384' title='bbox 1009 1807 1363 1862; x_wconf 78' lang='lat' dir='ltr'><strong><em>multitududeliberautium.</em></strong></span> <span class='ocrx_word' id='word_1_385' title='bbox 1373 1810 1449 1860; x_wconf 85' lang='lat' dir='ltr'><strong><em>Con-</em></strong></span> 
     </span>
     <span class='ocr_line' id='line_1_81' title="bbox 960 1875 1448 1943; baseline -0.002 -15"><span class='ocrx_word' id='word_1_386' title='bbox 960 1878 1019 1928; x_wconf 85' lang='lat' dir='ltr'><strong><em>silio</em></strong></span> <span class='ocrx_word' id='word_1_387' title='bbox 1033 1877 1149 1943; x_wconf 82' lang='lat' dir='ltr'><strong><em>publico,</em></strong></span> <span class='ocrx_word' id='word_1_388' title='bbox 1165 1875 1247 1928; x_wconf 87' lang='lat' dir='ltr'><strong><em>totius</em></strong></span> <span class='ocrx_word' id='word_1_389' title='bbox 1262 1876 1376 1930; x_wconf 71' lang='lat' dir='ltr'><strong><em>civitatis</em></strong></span> <span class='ocrx_word' id='word_1_390' title='bbox 1387 1895 1448 1928; x_wconf 87' lang='lat' dir='ltr'><strong><em>cou-</em></strong></span> 
     </span>
     <span class='ocr_line' id='line_1_82' title="bbox 960 1949 1116 2005; baseline -0.019 -10"><span class='ocrx_word' id='word_1_391' title='bbox 960 1961 1037 1996; x_wconf 88' lang='lat' dir='ltr'><strong><em>seusu</em></strong></span> <span class='ocrx_word' id='word_1_392' title='bbox 1057 1949 1116 2005; x_wconf 84' lang='grc' dir='ltr'>5,ι</span> 
     </span>
     <span class='ocr_line' id='line_1_83' title="bbox 927 2007 1445 2070; baseline -0.008 -8"><span class='ocrx_word' id='word_1_393' title='bbox 927 2009 1093 2070; x_wconf 79' lang='lat' dir='ltr'><strong><em>Consimilis,</em></strong></span> <span class='ocrx_word' id='word_1_394' title='bbox 1116 2007 1211 2061; x_wconf 86' lang='lat' dir='ltr'><strong><em>similis</em></strong></span> <span class='ocrx_word' id='word_1_395' title='bbox 1233 2009 1275 2066; x_wconf 79' lang='grc'><strong><em>2,“</em></strong></span> <span class='ocrx_word' id='word_1_396' title='bbox 1292 2023 1330 2058; x_wconf 81' lang='grc' dir='ltr'>ιι.</span> <span class='ocrx_word' id='word_1_397' title='bbox 1352 2012 1386 2066; x_wconf 85' lang='lat'><strong><em>5,</em></strong></span> <span class='ocrx_word' id='word_1_398' title='bbox 1414 2026 1445 2058; x_wconf 76' lang='lat' dir='ltr'><strong><em>re</em></strong></span> 
     </span>
     <span class='ocr_line' id='line_1_84' title="bbox 927 2075 1446 2144; baseline -0.006 -16"><span class='ocrx_word' id='word_1_399' title='bbox 927 2078 1073 2130; x_wconf 74' lang='lat' dir='ltr'><strong><em>consistere</em></strong></span> <span class='ocrx_word' id='word_1_400' title='bbox 1089 2077 1176 2144; x_wconf 63' lang='lat' dir='ltr'><strong><em>euque</em></strong></span> <span class='ocrx_word' id='word_1_401' title='bbox 1193 2075 1265 2139; x_wconf 89' lang='lat' dir='ltr'><strong><em>loco,</em></strong></span> <span class='ocrx_word' id='word_1_402' title='bbox 1283 2075 1321 2126; x_wconf 93' lang='lat' dir='ltr'><strong><em>ibi</em></strong></span> <span class='ocrx_word' id='word_1_403' title='bbox 1339 2078 1446 2134; x_wconf 79' lang='lat' dir='ltr'><strong><em>morari,</em></strong></span> 
     </span>
     <span class='ocr_line' id='line_1_85' title="bbox 961 2142 1447 2214; baseline -0.006 -19"><span class='ocrx_word' id='word_1_404' title='bbox 961 2152 991 2195; x_wconf 93' lang='lat' dir='ltr'><strong><em>ut</em></strong></span> <span class='ocrx_word' id='word_1_405' title='bbox 1013 2143 1176 2214; x_wconf 83' lang='lat' dir='ltr'><strong><em>peregrinum</em></strong></span> <span class='ocrx_word' id='word_1_406' title='bbox 1203 2155 1236 2205; x_wconf 89' lang='lat'><strong><em>7,</em></strong></span> <span class='ocrx_word' id='word_1_407' title='bbox 1259 2142 1282 2192; x_wconf 82' lang='lat'><strong><em>3.</em></strong></span> <span class='ocrx_word' id='word_1_408' title='bbox 1306 2146 1447 2192; x_wconf 77' lang='lat' dir='ltr'><strong><em>consistere</em></strong></span> 
     </span>
     <span class='ocr_line' id='line_1_86' title="bbox 958 2209 1445 2280; baseline -0.006 -19"><span class='ocrx_word' id='word_1_409' title='bbox 958 2214 986 2261; x_wconf 89' lang='lat' dir='ltr'><strong><em>in</em></strong></span> <span class='ocrx_word' id='word_1_410' title='bbox 1003 2229 1050 2271; x_wconf 90' lang='lat' dir='ltr'><strong><em>re,</em></strong></span> <span class='ocrx_word' id='word_1_411' title='bbox 1077 2227 1256 2280; x_wconf 83' lang='lat' dir='ltr'><strong><em>perseverare,</em></strong></span> <span class='ocrx_word' id='word_1_412' title='bbox 1282 2218 1397 2278; x_wconf 76' lang='lat' dir='ltr'><strong><em>perstare</em></strong></span> <span class='ocrx_word' id='word_1_413' title='bbox 1415 2209 1445 2259; x_wconf 89' lang='lat' dir='ltr'><strong><em>in</em></strong></span> 
     </span>
     <span class='ocr_line' id='line_1_87' title="bbox 959 2274 1447 2333; baseline -0.012 -3"><span class='ocrx_word' id='word_1_414' title='bbox 959 2279 1089 2330; x_wconf 80' lang='lat' dir='ltr'><strong><em>sententia</em></strong></span> <span class='ocrx_word' id='word_1_415' title='bbox 1115 2277 1146 2328; x_wconf 90' lang='lat' dir='ltr'><strong><em>de</em></strong></span> <span class='ocrx_word' id='word_1_416' title='bbox 1176 2275 1223 2328; x_wconf 85' lang='lat' dir='ltr'><strong><em>huc</em></strong></span> <span class='ocrx_word' id='word_1_417' title='bbox 1252 2295 1277 2326; x_wconf 86' lang='lat' dir='ltr'><strong><em>re</em></strong></span> <span class='ocrx_word' id='word_1_418' title='bbox 1295 2274 1326 2333; x_wconf 81' lang='grc'><strong><em>3,</em></strong></span> <span class='ocrx_word' id='word_1_419' title='bbox 1356 2279 1398 2330; x_wconf 82' lang='grc'><strong>36.</strong></span> <span class='ocrx_word' id='word_1_420' title='bbox 1417 2280 1447 2324; x_wconf 88' lang='lat' dir='ltr'><strong><em>in</em></strong></span> 
     </span>
     <span class='ocr_line' id='line_1_88' title="bbox 957 2341 1445 2412; baseline -0.002 -18"><span class='ocrx_word' id='word_1_421' title='bbox 957 2361 1032 2412; x_wconf 78' lang='lat' dir='ltr'><strong><em>opere</em></strong></span> <span class='ocrx_word' id='word_1_422' title='bbox 1048 2345 1093 2396; x_wconf 81' lang='lat' dir='ltr'><strong><em>At</em></strong></span> <span class='ocrx_word' id='word_1_423' title='bbox 1111 2343 1152 2394; x_wconf 85' lang='lat'><strong><em>31.</em></strong></span> <span class='ocrx_word' id='word_1_424' title='bbox 1169 2347 1196 2394; x_wconf 88' lang='lat' dir='ltr'><strong><em>in</em></strong></span> <span class='ocrx_word' id='word_1_425' title='bbox 1212 2344 1390 2394; x_wconf 74' lang='lat' dir='ltr'><strong><em>misericordia</em></strong></span> <span class='ocrx_word' id='word_1_426' title='bbox 1413 2341 1445 2393; x_wconf 72' lang='lat' dir='ltr'><strong><em>C.</em></strong></span> 
     </span>
     <span class='ocr_line' id='line_1_89' title="bbox 960 2415 1037 2472; baseline 0.065 -13"><span class='ocrx_word' id='word_1_427' title='bbox 960 2428 989 2472; x_wconf 89' lang='grc' dir='ltr'>ι,</span> <span class='ocrx_word' id='word_1_428' title='bbox 1007 2415 1037 2464; x_wconf 85' lang='grc'><strong><em>85</em></strong></span> 
     </span>
     <span class='ocr_line' id='line_1_90' title="bbox 925 2473 1368 2546; baseline -0.009 -17"><span class='ocrx_word' id='word_1_429' title='bbox 925 2477 1090 2546; x_wconf 67' lang='lat' dir='ltr'><strong><em>conspirati,</em></strong></span> <span class='ocrx_word' id='word_1_430' title='bbox 1108 2477 1217 2529; x_wconf 54' lang='lat' dir='ltr'><strong><em>coeunti</em></strong></span> <span class='ocrx_word' id='word_1_431' title='bbox 1233 2475 1264 2532; x_wconf 86' lang='lat' dir='ltr'><strong><em>C,</em></strong></span> <span class='ocrx_word' id='word_1_432' title='bbox 1281 2473 1317 2537; x_wconf 66' lang='lat'><strong><em>33,</em></strong></span> <span class='ocrx_word' id='word_1_433' title='bbox 1336 2479 1368 2540; x_wconf 81' lang='grc'><strong><em>46</em></strong></span> 
     </span>
     <span class='ocr_line' id='line_1_91' title="bbox 924 2543 1443 2612; baseline -0.002 -17"><span class='ocrx_word' id='word_1_434' title='bbox 924 2543 1080 2596; x_wconf 71' lang='lat' dir='ltr'><strong><em>Constanter</em></strong></span> <span class='ocrx_word' id='word_1_435' title='bbox 1108 2549 1243 2600; x_wconf 75' lang='lat' dir='ltr'><strong><em>ruincicnt,</em></strong></span> <span class='ocrx_word' id='word_1_436' title='bbox 1275 2543 1321 2612; x_wconf 91' lang='lat' dir='ltr'><strong><em>qui</em></strong></span> <span class='ocrx_word' id='word_1_437' title='bbox 1350 2561 1443 2594; x_wconf 86' lang='lat' dir='ltr'><strong><em>omnes</em></strong></span> 
     </span>
     <span class='ocr_line' id='line_1_92' title="bbox 957 2611 1443 2680; baseline -0.004 -18"><span class='ocrx_word' id='word_1_438' title='bbox 957 2629 1048 2680; x_wconf 79' lang='lat' dir='ltr'><strong><em>magno</em></strong></span> <span class='ocrx_word' id='word_1_439' title='bbox 1076 2629 1135 2663; x_wconf 89' lang='lat' dir='ltr'><strong><em>cum</em></strong></span> <span class='ocrx_word' id='word_1_440' title='bbox 1160 2627 1286 2662; x_wconf 84' lang='lat' dir='ltr'><strong><em>couseusu</em></strong></span> <span class='ocrx_word' id='word_1_441' title='bbox 1315 2611 1443 2661; x_wconf 81' lang='lat' dir='ltr'><strong><em>nunciant</em></strong></span> 
     </span>
     <span class='ocr_line' id='line_1_93' title="bbox 956 2679 1445 2736; baseline -0.008 -6"><span class='ocrx_word' id='word_1_442' title='bbox 956 2696 990 2734; x_wconf 81' lang='grc'><strong><em>2,</em></strong></span> <span class='ocrx_word' id='word_1_443' title='bbox 1009 2695 1032 2726; x_wconf 85' lang='grc'><strong>2.</strong></span> <span class='ocrx_word' id='word_1_444' title='bbox 1054 2679 1122 2730; x_wconf 85' lang='lat' dir='ltr'><strong><em>Hinc</em></strong></span> <span class='ocrx_word' id='word_1_445' title='bbox 1137 2689 1237 2728; x_wconf 83' lang='lat' dir='ltr'><strong><em>constet</em></strong></span> <span class='ocrx_word' id='word_1_446' title='bbox 1253 2681 1321 2726; x_wconf 84' lang='lat' dir='ltr'><strong><em>inter</em></strong></span> <span class='ocrx_word' id='word_1_447' title='bbox 1337 2693 1445 2736; x_wconf 85' lang='lat' dir='ltr'><strong><em>omnes,</em></strong></span> 
     </span>
     <span class='ocr_line' id='line_1_94' title="bbox 955 2741 1343 2806; baseline -0.005 -10"><span class='ocrx_word' id='word_1_448' title='bbox 955 2741 1046 2796; x_wconf 86' lang='lat' dir='ltr'><strong><em>omu&#39;es</em></strong></span> <span class='ocrx_word' id='word_1_449' title='bbox 1062 2745 1132 2797; x_wconf 88' lang='lat' dir='ltr'><strong><em>idem</em></strong></span> <span class='ocrx_word' id='word_1_450' title='bbox 1149 2743 1239 2804; x_wconf 84' lang='lat' dir='ltr'><strong><em>dicunt</em></strong></span> <span class='ocrx_word' id='word_1_451' title='bbox 1257 2757 1292 2806; x_wconf 79' lang='lat'><strong><em>7,</em></strong></span> <span class='ocrx_word' id='word_1_452' title='bbox 1310 2751 1343 2806; x_wconf 88' lang='grc'><strong><em>44</em></strong></span> 
     </span>
     <span class='ocr_line' id='line_1_95' title="bbox 921 2811 1443 2879; baseline -0.008 -17"><span class='ocrx_word' id='word_1_453' title='bbox 921 2811 1091 2862; x_wconf 69' lang='lat' dir='ltr'><strong><em>&#39;consternere</em></strong></span> <span class='ocrx_word' id='word_1_454' title='bbox 1106 2811 1226 2879; x_wconf 78' lang='lat' dir='ltr'><strong><em>paludem</em></strong></span> <span class='ocrx_word' id='word_1_455' title='bbox 1241 2822 1317 2868; x_wconf 80' lang='lat' dir='ltr'><strong><em>ponte</em></strong></span> <span class='ocrx_word' id='word_1_456' title='bbox 1335 2813 1371 2868; x_wconf 79' lang='lat'><strong><em>8,</em></strong></span> <span class='ocrx_word' id='word_1_457' title='bbox 1403 2817 1443 2873; x_wconf 79' lang='grc'><strong>14.</strong></span> 
     </span>
     <span class='ocr_line' id='line_1_96' title="bbox 952 2875 1445 2947; baseline -0.006 -19"><span class='ocrx_word' id='word_1_458' title='bbox 952 2891 1041 2947; x_wconf 81' lang='lat' dir='ltr'><strong><em>pontes</em></strong></span> <span class='ocrx_word' id='word_1_459' title='bbox 1057 2887 1264 2934; x_wconf 81' lang='lat' dir='ltr'><strong><em>consternuntur,</em></strong></span> <span class='ocrx_word' id='word_1_460' title='bbox 1293 2875 1379 2927; x_wconf 78' lang='lat' dir='ltr'><strong><em>trahes</em></strong></span> <span class='ocrx_word' id='word_1_461' title='bbox 1398 2877 1445 2926; x_wconf 88' lang='lat' dir='ltr'><strong><em>iu·</em></strong></span> 
     </span>
     <span class='ocr_line' id='line_1_97' title="bbox 954 2943 1443 3014; baseline -0.004 -18"><span class='ocrx_word' id='word_1_462' title='bbox 954 2955 1091 3014; x_wconf 87' lang='lat' dir='ltr'><strong><em>ponuntur</em></strong></span> <span class='ocrx_word' id='word_1_463' title='bbox 1112 2945 1141 2996; x_wconf 90' lang='lat' dir='ltr'><strong><em>iu</em></strong></span> <span class='ocrx_word' id='word_1_464' title='bbox 1166 2943 1273 2996; x_wconf 81' lang='lat' dir='ltr'><strong><em>mod&#39;um</em></strong></span> <span class='ocrx_word' id='word_1_465' title='bbox 1295 2943 1387 3012; x_wconf 81' lang='lat' dir='ltr'><strong><em>pontis</em></strong></span> <span class='ocrx_word' id='word_1_466' title='bbox 1413 2947 1443 3004; x_wconf 88' lang='lat'><strong><em>8,</em></strong></span> 
     </span>
     <span class='ocr_line' id='line_1_98' title="bbox 922 3029 1444 3192; baseline -0.004 -63"><span class='ocrx_word' id='word_1_467' title='bbox 922 3029 1163 3130; x_wconf 63' lang='lat' dir='ltr'><strong><em>aristomenem</em></strong></span> <span class='ocrx_word' id='word_1_468' title='bbox 1180 3094 1238 3126; x_wconf 78' lang='lat' dir='ltr'><strong><em>cunt·</em></strong></span> <span class='ocrx_word' id='word_1_469' title='bbox 1251 3075 1339 3192; x_wconf 47' lang='lat' dir='ltr'><strong><em>uliyfirso</em></strong></span> <span class='ocrx_word' id='word_1_470' title='bbox 1361 3093 1394 3137; x_wconf 91' lang='grc' dir='ltr'>ι,</span> <span class='ocrx_word' id='word_1_471' title='bbox 1420 3078 1444 3127; x_wconf 88' lang='lat'><strong><em>8.</em></strong></span> 
     </span>
     <span class='ocr_line' id='line_1_99' title="bbox 954 3145 1446 3212; baseline -0.006 -16"><span class='ocrx_word' id='word_1_472' title='bbox 954 3149 1104 3196; x_wconf 81' lang='lat' dir='ltr'><strong><em>constituere</em></strong></span> <span class='ocrx_word' id='word_1_473' title='bbox 1121 3145 1258 3212; x_wconf 76' lang='lat' dir='ltr'><strong><em>oppidum,</em></strong></span> <span class='ocrx_word' id='word_1_474' title='bbox 1272 3161 1285 3192; x_wconf 89' lang='lat' dir='ltr'><strong><em>e</em></strong></span> <span class='ocrx_word' id='word_1_475' title='bbox 1317 3161 1394 3203; x_wconf 83' lang='lat' dir='ltr'><strong><em>cere,</em></strong></span> <span class='ocrx_word' id='word_1_476' title='bbox 1412 3152 1446 3194; x_wconf 79' lang='lat' dir='ltr'><strong><em>ut</em></strong></span> 
     </span>
     <span class='ocr_line' id='line_1_100' title="bbox 953 3211 1444 3280; baseline -0.008 -17"><span class='ocrx_word' id='word_1_477' title='bbox 953 3211 1060 3262; x_wconf 89' lang='lat' dir='ltr'><strong><em>meliore</em></strong></span> <span class='ocrx_word' id='word_1_478' title='bbox 1082 3212 1135 3271; x_wconf 87' lang='lat' dir='ltr'><strong><em>sit,</em></strong></span> <span class='ocrx_word' id='word_1_479' title='bbox 1159 3229 1242 3280; x_wconf 74' lang='lat' dir='ltr'><strong><em>qurum</em></strong></span> <span class='ocrx_word' id='word_1_480' title='bbox 1258 3217 1354 3267; x_wconf 74' lang='lat' dir='ltr'><strong><em>antea,</em></strong></span> <span class='ocrx_word' id='word_1_481' title='bbox 1377 3229 1444 3260; x_wconf 89' lang='lat' dir='ltr'><strong><em>cou-</em></strong></span> 
     </span>
     <span class='ocr_line' id='line_1_101' title="bbox 954 3277 1443 3342; baseline -0.01 -14"><span class='ocrx_word' id='word_1_482' title='bbox 954 3277 1056 3329; x_wconf 85' lang='lat' dir='ltr'><strong><em>ditione</em></strong></span> <span class='ocrx_word' id='word_1_483' title='bbox 1074 3277 1105 3329; x_wconf 84' lang='lat' dir='ltr'><strong><em>C.</em></strong></span> <span class='ocrx_word' id='word_1_484' title='bbox 1126 3293 1159 3342; x_wconf 83' lang='lat'><strong><em>1,</em></strong></span> <span class='ocrx_word' id='word_1_485' title='bbox 1180 3281 1219 3326; x_wconf 84' lang='lat'><strong><em>15.</em></strong></span> <span class='ocrx_word' id='word_1_486' title='bbox 1236 3289 1320 3326; x_wconf 84' lang='lat' dir='ltr'><strong><em>turres</em></strong></span> <span class='ocrx_word' id='word_1_487' title='bbox 1340 3291 1390 3336; x_wconf 70' lang='grc' dir='ltr'>ιι,</span> <span class='ocrx_word' id='word_1_488' title='bbox 1412 3292 1443 3324; x_wconf 77' lang='lat' dir='ltr'><strong><em>ru</em></strong></span> 
     </span>
     <span class='ocr_line' id='line_1_102' title="bbox 921 3341 1505 3410; baseline -0.005 -14"><span class='ocrx_word' id='word_1_489' title='bbox 921 3345 1062 3396; x_wconf 72' lang='lat' dir='ltr'><strong><em>constrata</em></strong></span> <span class='ocrx_word' id='word_1_490' title='bbox 1087 3348 1159 3394; x_wconf 75' lang='lat' dir='ltr'><strong><em>rearis</em></strong></span> <span class='ocrx_word' id='word_1_491' title='bbox 1180 3342 1210 3394; x_wconf 80' lang='lat' dir='ltr'><strong><em>C.</em></strong></span> <span class='ocrx_word' id='word_1_492' title='bbox 1234 3359 1273 3402; x_wconf 77' lang='lat'><strong><em>2,</em></strong></span> <span class='ocrx_word' id='word_1_493' title='bbox 1291 3341 1331 3393; x_wconf 85' lang='grc'><strong>23·.</strong></span> <span class='ocrx_word' id='word_1_494' title='bbox 1355 3341 1443 3404; x_wconf 75' lang='grc'><strong>3,.7;</strong></span> <span class='ocrx_word' id='word_1_495' title='bbox 1504 3403 1505 3410; x_wconf 16' lang='lat'>¹</span> 
     </span>
     <span class='ocr_line' id='line_1_103' title="bbox 954 3409 1200 3464; baseline -0.024 0"><span class='ocrx_word' id='word_1_496' title='bbox 954 3412 986 3464; x_wconf 83' lang='lat' dir='ltr'><strong><em>A.</em></strong></span> <span class='ocrx_word' id='word_1_497' title='bbox 1009 3428 1046 3461; x_wconf 84' lang='lat' dir='ltr'><strong><em>rr.</em></strong></span> <span class='ocrx_word' id='word_1_498' title='bbox 1066 3409 1099 3462; x_wconf 81' lang='lat' dir='ltr'><strong><em>ci.</em></strong></span> <span class='ocrx_word' id='word_1_499' title='bbox 1118 3422 1200 3460; x_wconf 81' lang='lat' dir='ltr'><strong><em>tectus</em></strong></span> 
     </span>
     <span class='ocr_line' id='line_1_104' title="bbox 921 3477 1442 3537; baseline -0.012 -7"><span class='ocrx_word' id='word_1_500' title='bbox 921 3478 1071 3530; x_wconf 78' lang='lat' dir='ltr'><strong><em>Consuesco.</em></strong></span> <span class='ocrx_word' id='word_1_501' title='bbox 1089 3477 1236 3528; x_wconf 79' lang='lat' dir='ltr'><strong><em>Perfectum</em></strong></span> <span class='ocrx_word' id='word_1_502' title='bbox 1251 3479 1367 3526; x_wconf 84' lang='lat' dir='ltr'><strong><em>consuevi</em></strong></span> <span class='ocrx_word' id='word_1_503' title='bbox 1385 3479 1442 3537; x_wconf 67' lang='lat' dir='ltr'><strong><em>(sc,</em></strong></span> 
     </span>
     <span class='ocr_line' id='line_1_105' title="bbox 953 3541 1505 3610; baseline -0.011 -15"><span class='ocrx_word' id='word_1_504' title='bbox 953 3549 1016 3610; x_wconf 88' lang='lat' dir='ltr'><strong><em>me)</em></strong></span> <span class='ocrx_word' id='word_1_505' title='bbox 1035 3552 1093 3604; x_wconf 87' lang='lat' dir='ltr'><strong><em>est,</em></strong></span> <span class='ocrx_word' id='word_1_506' title='bbox 1111 3541 1181 3594; x_wconf 88' lang='lat' dir='ltr'><strong><em>soleo</em></strong></span> <span class='ocrx_word' id='word_1_507' title='bbox 1202 3559 1240 3602; x_wconf 71' lang='lat' dir='ltr'><strong><em>t,</em></strong></span> <span class='ocrx_word' id='word_1_508' title='bbox 1255 3551 1292 3605; x_wconf 90' lang='grc' dir='ltr'><strong><em>ι4.</em></strong></span> <span class='ocrx_word' id='word_1_509' title='bbox 1312 3541 1352 3604; x_wconf 79' lang='grc'><strong>43.</strong></span> <span class='ocrx_word' id='word_1_510' title='bbox 1371 3546 1402 3600; x_wconf 82' lang='lat'><strong><em>5,</em></strong></span> <span class='ocrx_word' id='word_1_511' title='bbox 1424 3556 1442 3602; x_wconf 87' lang='lat'><em>7</em></span> <span class='ocrx_word' id='word_1_512' title='bbox 1504 3551 1505 3606; x_wconf 56' lang='grc' dir='ltr'>ξ</span> 
     </span>
     <span class='ocr_line' id='line_1_106' title="bbox 920 3607 1505 3672; baseline -0.01 -10"><span class='ocrx_word' id='word_1_513' title='bbox 920 3611 1117 3672; x_wconf 86' lang='lat' dir='ltr'><strong><em>Contubulutiu,</em></strong></span> <span class='ocrx_word' id='word_1_514' title='bbox 1142 3607 1255 3661; x_wconf 63' lang='lat' dir='ltr'><strong><em>tabulati</em></strong></span> <span class='ocrx_word' id='word_1_515' title='bbox 1279 3609 1442 3666; x_wconf 81' lang='lat' dir='ltr'><strong><em>exstructio,</em></strong></span> <span class='ocrx_word' id='word_1_516' title='bbox 1504 3637 1505 3665; x_wconf 59' lang='lat'><strong><em>,</em></strong></span> 
     </span>
     <span class='ocr_line' id='line_1_107' title="bbox 952 3674 1440 3746; baseline -0.012 -17"><span class='ocrx_word' id='word_1_517' title='bbox 952 3697 973 3729; x_wconf 85' lang='lat' dir='ltr'><strong><em>s.</em></strong></span> <span class='ocrx_word' id='word_1_518' title='bbox 992 3676 1139 3746; x_wconf 60' lang='lat' dir='ltr'><strong><em>tabularum</em></strong></span> <span class='ocrx_word' id='word_1_519' title='bbox 1152 3674 1296 3727; x_wconf 85' lang='lat' dir='ltr'><strong><em>conlocutio</em></strong></span> <span class='ocrx_word' id='word_1_520' title='bbox 1314 3691 1391 3740; x_wconf 76' lang='lat' dir='ltr'><strong><em>supet</em></strong></span> <span class='ocrx_word' id='word_1_521' title='bbox 1406 3675 1440 3724; x_wconf 88' lang='lat' dir='ltr'><strong><em>ti-</em></strong></span> 
     </span>
    </p>
   </div>
   <div class='ocr_carea' id='block_1_16' title="bbox 859 3741 1439 3856">
    <p class='ocr_par' dir='ltr' id='par_1_23' title="bbox 859 3741 1439 3856">
     <span class='ocr_line' id='line_1_108' title="bbox 859 3741 1439 3856; baseline -0.017 -58"><span class='ocrx_word' id='word_1_522' title='bbox 859 3769 861 3779; x_wconf 61' lang='lat'><em>*</em></span> <span class='ocrx_word' id='word_1_523' title='bbox 951 3746 1009 3812; x_wconf 83' lang='lat' dir='ltr'><strong><em>gnis</em></strong></span> <span class='ocrx_word' id='word_1_524' title='bbox 1027 3743 1179 3796; x_wconf 81' lang='lat' dir='ltr'><strong><em>transversis</em></strong></span> <span class='ocrx_word' id='word_1_525' title='bbox 1197 3741 1227 3792; x_wconf 89' lang='lat' dir='ltr'><strong><em>C.</em></strong></span> <span class='ocrx_word' id='word_1_526' title='bbox 1247 3754 1275 3801; x_wconf 76' lang='lat'><strong><em>2,</em></strong></span> <span class='ocrx_word' id='word_1_527' title='bbox 1294 3761 1321 3808; x_wconf 77' lang='lat'><strong><em>9.-</em></strong></span> <span class='ocrx_word' id='word_1_528' title='bbox 1335 3741 1439 3856; x_wconf 47' lang='lat' dir='ltr'><strong><em>Sinon.</em></strong></span> 
     </span>
    </p>
   </div>
   <div class='ocr_carea' id='block_1_17' title="bbox 948 3806 1504 4332">
    <p class='ocr_par' dir='ltr' id='par_1_24' title="bbox 948 3806 1504 4332">
     <span class='ocr_line' id='line_1_109' title="bbox 952 3806 1441 3878; baseline -0.012 -16"><span class='ocrx_word' id='word_1_529' title='bbox 952 3819 990 3862; x_wconf 90' lang='lat' dir='ltr'><strong><em>est</em></strong></span> <span class='ocrx_word' id='word_1_530' title='bbox 1001 3814 1166 3878; x_wconf 77' lang='lat' dir='ltr'><strong><em>contignatio.</em></strong></span> <span class='ocrx_word' id='word_1_531' title='bbox 1195 3808 1262 3877; x_wconf 82' lang='lat' dir='ltr'><strong><em>Ergo</em></strong></span> <span class='ocrx_word' id='word_1_532' title='bbox 1274 3819 1349 3856; x_wconf 83' lang='lat' dir='ltr'><strong><em>conta</em></strong></span> <span class='ocrx_word' id='word_1_533' title='bbox 1365 3806 1441 3856; x_wconf 74' lang='lat' dir='ltr'><strong><em>zelare</em></strong></span> 
     </span>
     <span class='ocr_line' id='line_1_110' title="bbox 951 3873 1441 3942; baseline -0.01 -14"><span class='ocrx_word' id='word_1_534' title='bbox 951 3889 1035 3928; x_wconf 83' lang='lat' dir='ltr'><strong><em>turres</em></strong></span> <span class='ocrx_word' id='word_1_535' title='bbox 1059 3883 1071 3927; x_wconf 82' lang='lat'>5</span> <span class='ocrx_word' id='word_1_536' title='bbox 1084 3912 1093 3942; x_wconf 90' lang='lat'><strong><em>,</em></strong></span> <span class='ocrx_word' id='word_1_537' title='bbox 1117 3888 1156 3939; x_wconf 88' lang='grc' dir='ltr'><strong>4ο.</strong></span> <span class='ocrx_word' id='word_1_538' title='bbox 1179 3874 1237 3925; x_wconf 82' lang='lat' dir='ltr'><strong><em>Liv.</em></strong></span> <span class='ocrx_word' id='word_1_539' title='bbox 1261 3884 1310 3937; x_wconf 83' lang='grc'><strong><em>24,</em></strong></span> <span class='ocrx_word' id='word_1_540' title='bbox 1332 3873 1372 3938; x_wconf 80' lang='grc'><strong>34.</strong></span> <span class='ocrx_word' id='word_1_541' title='bbox 1400 3881 1441 3924; x_wconf 80' lang='lat' dir='ltr'><strong><em>est</em></strong></span> 
     </span>
     <span class='ocr_line' id='line_1_111' title="bbox 952 3941 1440 4011; baseline -0.012 -16"><span class='ocrx_word' id='word_1_542' title='bbox 952 3945 1052 4011; x_wconf 80' lang='lat' dir='ltr'><strong><em>lucere,</em></strong></span> <span class='ocrx_word' id='word_1_543' title='bbox 1070 3953 1101 3993; x_wconf 91' lang='lat' dir='ltr'><strong><em>ut</em></strong></span> <span class='ocrx_word' id='word_1_544' title='bbox 1117 3947 1172 3994; x_wconf 87' lang='lat' dir='ltr'><strong><em>siut</em></strong></span> <span class='ocrx_word' id='word_1_545' title='bbox 1189 3944 1218 3992; x_wconf 82' lang='lat' dir='ltr'><strong><em>iu</em></strong></span> <span class='ocrx_word' id='word_1_546' title='bbox 1235 3941 1350 3992; x_wconf 85' lang='lat' dir='ltr'><strong><em>turribus</em></strong></span> <span class='ocrx_word' id='word_1_547' title='bbox 1366 3957 1440 3990; x_wconf 85' lang='lat' dir='ltr'><strong><em>sum-</em></strong></span> 
     </span>
     <span class='ocr_line' id='line_1_112' title="bbox 950 4005 1440 4062; baseline -0.004 -1"><span class='ocrx_word' id='word_1_548' title='bbox 950 4011 1001 4061; x_wconf 86' lang='lat' dir='ltr'><strong><em>mis</em></strong></span> <span class='ocrx_word' id='word_1_549' title='bbox 1023 4007 1251 4062; x_wconf 66' lang='lat' dir='ltr'><strong><em>contribulationes</em></strong></span> <span class='ocrx_word' id='word_1_550' title='bbox 1276 4026 1297 4058; x_wconf 86' lang='lat' dir='ltr'><strong><em>s.</em></strong></span> <span class='ocrx_word' id='word_1_551' title='bbox 1322 4005 1440 4059; x_wconf 78' lang='lat' dir='ltr'><strong><em>tabulatu</em></strong></span> 
     </span>
     <span class='ocr_line' id='line_1_113' title="bbox 951 4073 1440 4141; baseline -0.01 -14"><span class='ocrx_word' id='word_1_552' title='bbox 951 4077 1075 4140; x_wconf 73' lang='lat' dir='ltr'><strong><em>(Boden,</em></strong></span> <span class='ocrx_word' id='word_1_553' title='bbox 1096 4077 1139 4126; x_wconf 84' lang='lat' dir='ltr'><strong><em>des</em></strong></span> <span class='ocrx_word' id='word_1_554' title='bbox 1159 4075 1295 4141; x_wconf 78' lang='lat' dir='ltr'><strong><em>plunclters</em></strong></span> <span class='ocrx_word' id='word_1_555' title='bbox 1315 4075 1346 4122; x_wconf 83' lang='lat' dir='ltr'><strong><em>rle</em></strong></span> <span class='ocrx_word' id='word_1_556' title='bbox 1363 4073 1440 4141; x_wconf 85' lang='lat' dir='ltr'><strong><em>diffc&#39;·</em></strong></span> 
     </span>
     <span class='ocr_line' id='line_1_114' title="bbox 949 4139 1440 4218; baseline -0.006 -26"><span class='ocrx_word' id='word_1_557' title='bbox 949 4162 1008 4193; x_wconf 86' lang='lat' dir='ltr'><strong><em>rens</em></strong></span> <span class='ocrx_word' id='word_1_558' title='bbox 1025 4145 1149 4210; x_wconf 73' lang='lat' dir='ltr'><strong><em>eroges),</em></strong></span> <span class='ocrx_word' id='word_1_559' title='bbox 1168 4143 1197 4192; x_wconf 87' lang='lat' dir='ltr'><strong><em>in</em></strong></span> <span class='ocrx_word' id='word_1_560' title='bbox 1213 4139 1310 4218; x_wconf 81' lang='lat' dir='ltr'><strong><em>quilius</em></strong></span> <span class='ocrx_word' id='word_1_561' title='bbox 1329 4140 1440 4200; x_wconf 82' lang='lat' dir='ltr'><strong><em>milites,</em></strong></span> 
     </span>
     <span class='ocr_line' id='line_1_115' title="bbox 948 4208 1438 4327; baseline -0.008 -67"><span class='ocrx_word' id='word_1_562' title='bbox 948 4219 1096 4327; x_wconf 53' lang='lat' dir='ltr'><strong>pugnantes</strong></span> <span class='ocrx_word' id='word_1_563' title='bbox 1125 4228 1139 4259; x_wconf 81' lang='lat' dir='ltr'><strong><em>e</em></strong></span> <span class='ocrx_word' id='word_1_564' title='bbox 1167 4219 1249 4268; x_wconf 81' lang='lat' dir='ltr'><strong><em>turri,</em></strong></span> <span class='ocrx_word' id='word_1_565' title='bbox 1278 4208 1438 4258; x_wconf 87' lang='lat' dir='ltr'><strong><em>consistunt.</em></strong></span> 
     </span>
     <span class='ocr_line' id='line_1_116' title="bbox 966 4274 1504 4332; baseline -0.009 -6"><span class='ocrx_word' id='word_1_566' title='bbox 966 4277 1075 4332; x_wconf 71' lang='lat' dir='ltr'><strong><em>&#39;ortessis</em></strong></span> <span class='ocrx_word' id='word_1_567' title='bbox 1087 4275 1165 4330; x_wconf 79' lang='lat' dir='ltr'><strong><em>etiam</em></strong></span> <span class='ocrx_word' id='word_1_568' title='bbox 1178 4274 1342 4324; x_wconf 81' lang='lat' dir='ltr'><strong><em>contabulure</em></strong></span> <span class='ocrx_word' id='word_1_569' title='bbox 1352 4285 1442 4322; x_wconf 84' lang='lat' dir='ltr'><strong><em>turres</em></strong></span> <span class='ocrx_word' id='word_1_570' title='bbox 1503 4277 1504 4284; x_wconf 75' lang='grc'>’</span> 
     </span>
    </p>
   </div>
   <div class='ocr_carea' id='block_1_18' title="bbox 948 4329 1504 4480">
    <p class='ocr_par' dir='ltr' id='par_1_25' title="bbox 948 4329 1504 4514">
     <span class='ocr_line' id='line_1_117' title="bbox 949 4329 1504 4410; baseline -0.002 -17"><span class='ocrx_word' id='word_1_571' title='bbox 949 4335 1137 4395; x_wconf 69' lang='lat' dir='ltr'><strong><em>interdumeit</em></strong></span> <span class='ocrx_word' id='word_1_572' title='bbox 1153 4341 1201 4402; x_wconf 90' lang='lat' dir='ltr'><strong><em>id,</em></strong></span> <span class='ocrx_word' id='word_1_573' title='bbox 1220 4341 1288 4410; x_wconf 89' lang='lat' dir='ltr'><strong><em>quod</em></strong></span> <span class='ocrx_word' id='word_1_574' title='bbox 1307 4343 1337 4404; x_wconf 89' lang='lat'><strong><em>8,</em></strong></span> <span class='ocrx_word' id='word_1_575' title='bbox 1364 4338 1438 4408; x_wconf 83' lang='lat' dir='ltr'><strong><em>9le·</em></strong></span> <span class='ocrx_word' id='word_1_576' title='bbox 1503 4329 1504 4392; x_wconf 83' lang='lat' dir='ltr'><strong><em>l</em></strong></span> 
     </span>
     <span class='ocr_line' id='line_1_118' title="bbox 948 4410 1440 4480; baseline -0.009 -18"><span class='ocrx_word' id='word_1_577' title='bbox 948 4411 1036 4479; x_wconf 79' lang='lat' dir='ltr'><strong><em>gitur,</em></strong></span> <span class='ocrx_word' id='word_1_578' title='bbox 1062 4410 1182 4480; x_wconf 76' lang='lat' dir='ltr'><strong><em>pontibus</em></strong></span> <span class='ocrx_word' id='word_1_579' title='bbox 1210 4410 1357 4462; x_wconf 77' lang='lat' dir='ltr'><strong><em>transiretis·</em></strong></span> <span class='ocrx_word' id='word_1_580' title='bbox 1377 4423 1440 4458; x_wconf 87' lang='lat' dir='ltr'><strong><em>con·</em></strong></span> 
     </span>
    </p>
   </div>
  </div>
 </body>
</html>
