3044 5316
445 365 527 426 mn.
561 362 655 426 car.
692 326 837 422 8-11.
1139 325 1195 420 13

69 575 235 648 ultiones
260 555 402 646 nudare
428 570 594 646 nolebat.
649 571 853 665 Quumque
880 561 930 640 ad
956 587 1043 638 eurn
1068 559 1201 638 locum

1 605 4 778 l
69 693 313 778 accessisset,
332 690 397 789 qui
417 685 626 787 adpellatur
652 685 933 774 Chersonesus,
960 679 1203 778 aquandiquo

69 831 208 880 caussa
233 807 392 906 remiges
417 806 456 878 in
481 811 624 878 terram
659 801 916 900 exposuisset,
957 794 1129 870 nonnulli
1156 816 1205 870 ex

70 945 115 994 eo
134 946 322 1012 numero,
337 945 455 1019 quum
475 919 623 1020 longius
649 943 673 990 a
699 915 860 990 navibus
880 910 1102 1012 praedatum
1126 931 1208 1008 pro·

71 1042 300 1131 cessissent,
326 1039 374 1112 ab
401 1037 591 1136 equitibus
617 1037 784 1110 hostium
823 1039 914 1108 sunt
955 1030 1130 1128 excepti:
1158 1049 1208 1102 ex

70 1155 117 1228 iis
145 1161 437 1256 cognoverunt,
471 1155 668 1229 Caesarem
701 1154 824 1252 ipsum
851 1151 890 1224 in
918 1147 1034 1220 classe
1061 1142 1208 1216 venisse

1 1267 2 1352 J
72 1269 274 1366 uecullos
299 1270 438 1344 milites
463 1271 502 1344 in
529 1269 690 1344 navibus
714 1267 863 1340 habere.
920 1270 1005 1356 Qua
1028 1285 1068 1333 re
1101 1281 1210 1332 com-

73 1399 214 1488 perta,
250 1414 425 1488 magnam
452 1388 522 1460 sibi
549 1385 771 1460 facultatem
804 1383 1000 1456 fortunam
1028 1374 1209 1451 obtulisse

73 1505 176 1578 hene
195 1505 380 1605 gerendae
408 1506 460 1578 rei
488 1501 743 1578 crediderunt.
785 1501 918 1596 ltaque
933 1517 1047 1568 naves
1062 1513 1211 1579 omnes,

1 1711 2 1716 Ἰ
76 1643 175 1717 quas
203 1629 355 1718 paratas
373 1620 585 1694 habuerant
612 1617 660 1692 ad
686 1613 970 1716 navigandum,
997 1628 1213 1709 propugna-

1 1723 2 1742 ’
75 1735 233 1810 toribus
249 1737 535 1826 instruxerunt,
551 1733 779 1832 Caesarique
797 1725 972 1804 redeunti
988 1747 1078 1798 cum
1096 1720 1213 1794 classa

79 1856 361 1924 occurrerunt:
388 1853 454 1950 qui
480 1851 627 1924 duabus
654 1850 700 1922 de
727 1847 867 1922 caussis
886 1869 931 1918 eo
950 1841 1009 1915 die
1034 1836 1216 1912 dimicare

79 1965 242 2042 nolebat
257 2021 270 2058 ,
286 1969 410 2066 quod,
423 1975 461 2042 et
481 1968 603 2042 nullos
620 1966 758 2041 milites
784 1968 823 2038 in
849 1959 1011 2035 navibus
1029 1953 1218 2042 babebat,

82 2090 124 2158 et
151 2091 243 2182 post
260 2086 394 2162 horam
416 2085 602 2160 decimam
628 2084 701 2158 diei
726 2107 785 2156 res
811 2079 1023 2180 agebatur,
1049 2093 1127 2144 nox
1153 2091 1220 2140 au·

84 2215 169 2283 tem
197 2211 372 2286 adlatura
399 2213 601 2288 videbatur
627 2213 810 2286 maiorem
829 2205 1008 2280 fiduciam
1035 2196 1127 2286 illis,
1154 2193 1220 2292 qui
1285 2205 1288 2210 “

84 2326 266 2401 locorum
283 2329 419 2402 notitia
437 2328 693 2402 confidebant:
714 2329 784 2396 sibi
802 2325 917 2396 etiam
939 2311 1115 2393 hortandi
1133 2333 1221 2382 suos

85 2445 278 2523 auxilium
303 2447 551 2532 defuturum
578 2442 683 2542 quod
710 2437 812 2512 nulla
839 2437 930 2509 satis
956 2433 1092 2505 idonea
1124 2431 1223 2499 esset

86 2565 285 2656 hortatio,
309 2589 404 2664 quae
431 2587 552 2662 neque
574 2562 757 2634 virtutem
776 2557 902 2654 posset
920 2554 1074 2638 notare,
1100 2560 1223 2642 neque

87 2681 285 2754 inertiam.
346 2681 493 2773 Quibus
519 2678 565 2752 de
591 2674 731 2750 caussis
763 2693 904 2757 naves,
946 2687 1039 2763 quas
1072 2660 1224 2759 potuit,

89 2796 234 2868 Caesar
261 2795 309 2868 ad
333 2801 477 2868 terram
517 2785 710 2878 detrahit,
748 2807 862 2885 quem
901 2781 941 2855 in
984 2776 1113 2851 locum
1139 2771 1224 2847 illos

91 2937 334 2986 successuros
359 2935 436 2985 non
462 2907 714 2984 existimabat.
1254 2887 1257 2894 ’

151 3057 214 3104 rr.
243 3031 337 3103 Erat
364 3021 439 3101 una
478 3028 587 3099 navis
621 3019 769 3100 Rhodia
802 3019 843 3092 in
880 3015 1015 3090 dextro
1051 3008 1221 3086 Caesaris

96 3171 249 3238 cornu,
273 3147 383 3248 longe
411 3145 457 3218 ab
484 3142 638 3240 reliquis
665 3138 876 3213 conlocata.
934 3134 1044 3206 Hanc
1080 3129 1226 3226 conspi-

67 3268 177 3340 -cati
206 3265 333 3338 hostes
358 3287 435 3337 non
474 3263 681 3334 tenuerunt
715 3277 817 3344 sese,
848 3269 1062 3351 magnoque
1095 3246 1230 3342 inpetu

98 3388 269 3480 quatuor
286 3380 333 3453 ad
350 3403 434 3452 eam
454 3381 668 3450 constratae
688 3393 803 3444 naves
820 3373 859 3440 et
887 3359 1099 3461 complures
1119 3381 1225 3456 aper-

99 3506 166 3574 tae
187 3497 476 3572 contenderunt.
502 3491 572 3567 Cui
591 3497 747 3565 coactus
775 3491 832 3560 est
858 3483 995 3558 Caesar
1022 3477 1117 3552 ferre
1140 3473 1235 3548 sub·
1296 3459 1302 3481 '

101 3615 266 3700 sidium,
294 3637 339 3685 ne
366 3617 517 3708 turpem
543 3609 582 3680 in
609 3609 815 3706 conspectu
834 3593 1107 3674 contumeliam
1131 3588 1230 3664 acci-

101 3739 240 3835 peret3
280 3751 510 3830 quamquam
535 3727 566 3800 si
593 3723 684 3824 quid
722 3701 876 3824 graviu's
901 3715 974 3790 illis
1005 3709 1234 3796 accidisset,

96 4029 104 4042 '
142 4015 248 4072 nudare
265 4013 377 4066 nolebat.
393 4011 450 4066 Alii
466 4012 569 4064 nudari.
708 4011 774 4061 vett.
802 3996 888 4071 Vulgo
913 4017 973 4068 qua.
1000 3991 1119 4047 Iurinius
1146 3984 1238 4042 mallet

143 4133 177 4165 ω
202 4129 316 4163 nmero.
340 4109 432 4164 Dub-
455 4105 560 4160 “ddi‘ffl
580 4119 642 4156 ⁶⁰⁰
709 4091 851 4208 llltem.
870 4134 909 4186 na
927 4129 1003 4186 coda.
1021 4127 1104 4197 vargo
1122 4137 1149 4176 ω
1181 4127 1240 4174 aaa

108 4182 192 4238 codd.
211 4189 238 4232 et
255 4178 313 4232 odd.
330 4186 396 4230 vett.
570 4245 578 4258 ,
749 4211 839 4257 mom
856 4216 918 4254 eoru.
932 4199 1017 4252 codd.
1030 4203 1153 4248 recente
1173 4191 1241 4244 duut

143 4264 337 4330 processissent.
365 4253 433 4310 Edd.
458 4263 524 4310 vett.
544 4269 646 4308 conoes-
713 4223 955 4328 holmumfgmpef,
974 4263 1065 4318 mallet
1082 4266 1202 4314 omnium.

110 4333 219 4385 '‘lm“
366 4362 369 4371 ·
747 4343 809 4394 iras.
848 4337 961 4391 anonas
990 4333 1046 4386 sar.
1076 4330 1141 4385 naa
1168 4329 1241 4380 mvn

148 4438 219 4494 quae
247 4438 334 4490 neque.
362 4421 399 4475 sic
425 4417 502 4474 codd·
531 4424 559 4474 et
585 4414 647 4473 aad.
713 4409 867 4483 praecedat,
884 4424 931 4476 per
948 4399 1098 4476 synthesis.
