3044 5316
456 399 537 462 rae.
573 399 667 462 ner.
705 365 815 462 6-8.
1139 401 1191 465 rr

72 599 251 674 uentibus
290 606 404 700 atque
442 603 744 701 insequentibus,
770 601 869 677 ullus
893 601 933 676 in
959 618 1075 676 naves
1101 624 1198 676 rece·

70 719 163 810 ptus
181 713 347 788 daretur.
379 717 474 790 Erat
491 724 621 792 autem
647 743 783 819 magna
810 715 1015 792 multitudo
1041 714 1198 814 oppida-

40 821 43 826 ’
69 851 212 901 norum
237 831 276 902 in
301 838 408 930 parte
434 832 628 924 Caesaris,
654 858 768 934 quam
796 834 994 908 domiciliis
1028 834 1197 932 ipsorum

68 969 149 1018 uon
168 954 364 1039 moverat,
389 949 491 1046 quod
517 975 561 1023 ea
586 975 624 1024 se
649 949 797 1024 fidelem
817 950 940 1051 palam
960 946 1097 1024 nostris
1118 973 1197 1024 esse

69 1064 278 1138 simulabat
294 1073 334 1141 et
351 1066 548 1141 descivisse
575 1093 597 1140 a
623 1070 699 1142 suis
727 1069 948 1154 videbatun
969 1073 1032 1156 ut,
1049 1069 1079 1140 ei
1101 1069 1195 1142 mihi

69 1179 297 1254 defendendi
322 1189 446 1256 essent
471 1182 739 1274 Alexandrini,
766 1183 868 1282 quod
900 1209 1020 1282 neque
1048 1178 1200 1258 l'allacee

68 1305 221 1388 essent,
247 1321 366 1398 neque
385 1302 601 1390 temerarii,
627 1301 749 1374 multa
776 1303 898 1375 oratio
925 1301 1064 1376 frustra
1090 1303 1201 1376 absu-

68 1424 254 1489 meretur.
282 1419 409 1509 Quum
437 1441 529 1491 vero
556 1442 632 1491 uno
658 1423 829 1516 tempore
855 1425 895 1492 et
922 1421 1026 1494 natio
1067 1443 1199 1494 eorum

68 1541 109 1607 et
136 1543 276 1610 natura
302 1543 579 1635 cognoscatur,
615 1535 851 1634 aptissimum
877 1559 955 1609 esse
982 1536 1055 1610 hoa
1081 1560 1199 1638 genus

68 1649 117 1724 ad
148 1651 420 1750 proditionem,
446 1675 557 1725 nemo
584 1649 758 1725 dubitare
785 1657 922 1751 potest.

3 1755 4 1768 ἶ
119 1765 161 1838 8.
178 1763 319 1838 Caesar
336 1789 492 1838 suorum
518 1767 695 1840 timorem
722 1765 977 1842 consolatione
995 1748 1038 1843 ei
1051 1771 1199 1846 ratione

67 1883 283 1956 minuebat.
307 1884 407 1958 Nam
441 1885 562 1980 puteis
581 1880 706 1977 fhssis
744 1907 877 1980 aqueum
915 1880 1056 1960 dulcim
1091 1913 1198 1986 posse

69 2006 226 2099 reperiri
239 1996 472 2096 adfirmabat:
487 2004 608 2072 omnia
625 2003 721 2072 enim
739 2002 845 2072 litora
861 1977 1072 2078 naturai‘ter
1084 2033 1199 2106 aqum

69 2115 191 2187 siralais
211 2140 318 2191 uenas
334 2113 474 2187 habere.
501 2112 608 2214 Quod
629 2117 666 2184 si
688 2115 762 2185 aia
777 2129 870 2189 esset
885 2116 1002 2191 litoris
1021 2117 1200 2221 Aegyptii

70 2245 233 2320 natura,
266 2245 372 2332 atque
397 2235 558 2304 amnium
583 2230 828 2329 reliquorum
853 2245 994 2324 tamen,
1028 2243 1205 2334 quoniam

69 2371 173 2419 mare
198 2346 306 2420 libere
331 2359 511 2434 tenerent,
547 2369 660 2443 neque
685 2345 805 2418 tosus
830 2347 982 2421 classem
1008 2347 1197 2442 taberent,

68 2464 258 2562 prohiberi
279 2489 356 2538 sese
382 2491 452 2536 non
476 2487 608 2559 passe,
633 2486 703 2560 quo
728 2464 849 2532 minus
874 2464 1032 2560 quotidie
1064 2491 1196 2563 aquam

69 2579 224 2652 narnus
254 2592 439 2678 peterent,
473 2577 530 2653 vel
550 2602 574 2647 a
599 2579 747 2648 sinistra
777 2587 883 2673 parte
907 2602 930 2646 a
955 2577 1196 2666 Paraetonio,

68 2695 128 2768 vel
162 2721 188 2764 a
226 2691 355 2766 deutra
386 2693 430 2764 ab
455 2691 601 2774 insuber
634 2715 725 2788 quae
758 2687 919 2765 diuersae
948 2697 1199 2792 navigationes

4 2869 5 2878 ,
68 2833 271 2906 numquam
295 2833 367 2879 uno
395 2803 724 2903 temporeadnersis
742 2808 855 2879 ventis
868 2807 1198 2904 praecluderentur.

68 2923 201 3021 Fagae
226 2947 306 2998 vero
332 2922 473 2995 nutum
497 2945 575 2996 esse
599 2920 789 2993 consilium
810 2945 882 2990 non
897 2921 1014 2994 solum
1039 2925 1108 3012 iis,
1132 2925 1199 3022 qui

68 3043 229 3136 primam
253 3039 469 3138 dignitatem
494 3035 689 3123 taberent,
713 3032 779 3108 sed
802 3037 919 3115 neiis
944 3035 1109 3134 quadem,
1135 3038 1200 3134 qui

67 3157 189 3246 nihil,
212 3167 464 3254 praeterquam
488 3153 533 3226 de
558 3156 647 3239 uita,
675 3153 898 3248 cogitarent:
923 3177 1058 3250 magno
1084 3175 1194 3249 nego-

66 3277 118 3344 tio
137 3276 281 3369 inpetus
311 3270 469 3370 hostium
486 3267 654 3342 aduersos
671 3289 719 3340 ea
736 3263 993 3336 munitionibus
1015 3267 1199 3354 sustineri,

67 3387 202 3488 qreihus
219 3388 375 3475 relictis,
401 3409 466 3458 nea
491 3386 568 3458 Ioco
594 3407 660 3458 nec
685 3403 833 3453 numera
851 3403 957 3479 pares
982 3402 1060 3452 esse
1072 3401 1196 3475 posse:

98 3645 150 3696 ur,
166 3637 190 3686 si
206 3631 270 3684 mitt
287 3659 320 3671 -
336 3629 521 3682 absumamur.
538 3625 601 3679 Fon-
667 3643 723 3695 quo
745 3625 864 3694 primum
885 3624 1021 3678 nationem
1044 3621 1196 3690 cognoscit,

65 3710 140 3754 tasse
158 3703 188 3752 iu
206 3700 249 3752 his
266 3717 321 3751 uon
340 3695 468 3748 habemus
493 3713 601 3746 manum
668 3701 792 3746 naturam
817 3709 925 3764 quoque
943 3709 1034 3744 eorum
1059 3696 1199 3758 cognoscat

66 3769 209 3840 scriptoris
236 3767 395 3838 genuinum:
434 3771 499 3816 suut
527 3763 601 3813 enlm
667 3789 710 3810 -.
733 3759 774 3812 De
796 3777 889 3812 eorum
907 3757 1017 3829 perfidie
1039 3755 1094 3810 vid.
1115 3771 1137 3806 c.
1156 3763 1199 3821 24·

66 3837 158 3906 plnres
175 3837 262 3888 variae
278 3833 424 3892 lectiones,
448 3848 515 3900 quae
532 3846 601 3882 sem·
667 3829 706 3880 M.

60 3922 116 3974 per
146 3905 176 3954 in
207 3901 258 3954 hoc
285 3900 344 3952 loco
371 3897 522 3950 laboratum
544 3913 601 3948 essa
701 3897 733 3948 ab
750 3894 835 3946 insula
849 3931 857 3956 ,
873 3891 968 3946 Pharo.
986 3889 1086 3944 cetur.
1188 3956 1196 3968 ⁸

64 3990 81 4023 a
148 3980 190 4022 ut.
214 3970 255 4020 M.
283 3969 373 4020 Davis-
423 3985 451 4018 ro
468 3967 601 4020 tener-arti
701 3969 745 4033 qui
757 3967 871 4034 primam
886 3963 977 4030 dignit.
995 3959 1131 4018 haberent,
1148 3973 1197 4028 qur

65 4056 99 4091 vo
112 4038 179 4091 chat
202 4039 359 4087 veteratorii.
424 4035 493 4085 assio
509 4031 601 4084 viden·
667 4031 845 4101 diguitatem‚
873 4027 901 4105 id
925 4023 1132 4102 quodldiguum
1156 4030 1198 4076 eat

66 4115 112 4158 tur
142 4123 200 4156 esse
224 4101 337 4160 falsarii,
363 4102 411 4172 qui
427 4100 507 4153 fidem
524 4112 600 4151 teme·
626 4121 632 4140 ι
667 4101 725 4152 viro
742 4105 770 4150 et
789 4093 920 4174 lundulrrle
932 4131 941 4155 ‚
950 4109 1057 4212 2prerno
1073 4091 1131 4144 loco
1148 4107 1197 4160 po·

66 4186 132 4228 rant
157 4181 186 4226 et
206 4170 317 4226 violant.
341 4169 381 4224 Eo
403 4186 482 4220 sensu
504 4167 600 4237 legitur
667 4175 783 4230 nerent,
809 4161 934 4216 omnrbue
977 4177 1009 4212 ns
1026 4155 1105 4210 rebus
1122 4166 1197 4236 ente-

67 4252 214 4292 temerator
231 4238 290 4306 Dig.
309 4241 361 4302 48,
381 4254 424 4297 ro,
442 4253 483 4306 29.
705 4239 807 4286 norant.
835 4229 943 4284 Monuit
959 4228 1041 4279 etiam
1058 4223 1195 4293 Claskrua,

101 4309 192 4378 anan
209 4323 270 4356 uero
287 4333 319 4344 -
336 4316 511 4374 cognoscatur.
531 4301 600 4356 Cum
688 4319 740 4354 nuc
757 4317 864 4370 sensum
880 4315 944 4376 esse.
962 4295 1005 4348 M.

67 4393 131 4434 vero
148 4373 208 4425 lieri
224 4371 328 4438 soleat,
350 4381 398 4433 ut,
416 4373 440 4424 si
456 4373 517 4442 quis
533 4369 600 4424 Ale·
700 4369 833 4424 adversos.
849 4367 869 4422 i.
886 4384 909 4422 e.
927 4381 957 4418 ur
973 4361 1094 4420 adverso!
1111 4367 1139 4418 et
1154 4377 1194 4414 re·¹

67 4441 213 4496 xandriam
229 4441 343 4504 venerit,
361 4439 453 4494 eodem
471 4450 599 4512 tempore,
666 4443 823 4510 pugnantes.
