3044 5316
373 397 455 464 sn.
490 398 584 464 cir.
620 365 796 492 63-65.
852 450 855 463 .
1081 369 1140 500 59

2 553 3 598 l

2 621 3 716 q
28 631 138 680 naves
163 604 406 715 conscendit,
422 601 477 682 ¹ut
502 609 581 707 ipse
606 603 871 708 praedicabat,
889 609 1143 711 neseLepido

28 733 61 796 et
84 724 279 798 Trebonio
306 729 345 796 et
371 722 550 796 Marcello
578 728 851 814 committeret3
878 732 920 800 ut
938 730 1050 802 amici
1065 730 1143 802 eius

29 841 271 929 dictitabant,
298 863 345 914 ne
370 863 437 938 per
462 865 545 914 earn
573 845 808 940 provinciam
826 844 969 922 minore
983 869 1070 918 cum
1084 843 1143 919 'die

2 1035 3 1038 Ἴ
28 961 169 1058 gnitate
199 959 272 1030 iter
298 955 458 1064 faceret,
485 957 592 1030 cuius
619 983 754 1058 magna
777 964 935 1058 pars-ab
962 987 1007 1035 eo
1040 962 1145 1038 defe-

2 1078 144 1160 *ceratr
172 1079 218 1147 ut
243 1073 359 1154 ceteri
385 1073 669 1166 existimabant,
704 1099 751 1147 ne
786 1079 943 1174 pecunia
977 1075 1061 1167 illa,
1098 1103 1146 1152 cx

28 1191 181 1264 infinitis
208 1190 346 1288 rapinis
372 1187 564 1280 confecta,
591 1193 629 1264 in
665 1183 891 1292 potestatem
927 1194 1148 1298 cuiusquam

2 1405 3 1410 Ἰ
27 1310 186 1380 veniret.
218 1309 441 1406 Progressus
459 1305 642 1396 secunda,
660 1313 703 1381 ut
720 1308 896 1400 hiberna,
909 1317 1149 1410 tempestate,

2 1447 143 1519 ,quum
171 1423 213 1494 in
238 1421 389 1496 Iberum
421 1418 561 1495 flumen
588 1423 710 1495 noctis
745 1424 919 1497 vitandae
947 1448 1077 1500 caussa
1109 1447 1148 1498 se

28 1533 268 1626 contulisset,
294 1535 380 1608 inde
407 1535 533 1634 perillo
559 1535 838 1616 vehementiore
854 1543 1079 1635 tempestate
1096 1539 1150 1610 ni·

2 1648 100 1756 ¹hilo
129 1649 379 1748 periculosius
404 1673 443 1723 se
471 1651 737 1751 navigaturum
763 1649 938 1738 credens,
954 1650 1148 1749 proiectus

2 1765 195 1840 fadversis
233 1766 412 1844 fluctibus
444 1769 729 1846 occurrentibus
765 1771 862 1842 ostio
894 1766 1075 1851 fluminis,
1110 1769 1150 1840 in

26 1883 110 1980 ipsis
137 1881 339 1973 faucibus,
358 1908 476 1982 quum
503 1908 622 1982 neque
648 1881 799 1962 flectere
835 1883 960 1956 navim
996 1887 1150 1980 propter

28 2002 101 2072 vim
130 1997 321 2089 fluminis,
347 2024 467 2099 neque
494 1999 678 2075 directam
695 2001 810 2074 tantis
828 1997 1004 2077 fluctibus
1022 2005 1150 2078 tenere

2 2118 181 2212 posset,
209 2109 377 2189 demersa
404 2115 511 2204 navi,
537 2117 660 2214 periit.
1110 2099 1115 2110 ’

75 2233 143 2309 65.
171 2233 303 2324 Quum
328 2233 366 2304 in
393 2231 542 2327 Syriam
567 2231 703 2304 Caesar
721 2253 769 2303 ex
785 2227 960 2330 Aegypto
988 2227 1150 2304 venisset

28 2355 144 2446 atque
173 2349 223 2422 ab
250 2349 311 2432 iis,
340 2350 403 2446 qni
429 2349 551 2422 Roma
577 2352 760 2418 venerant
787 2345 834 2418 ad
870 2369 979 2432 eum,
1014 2369 1152 2443 cogno·

29 2469 172 2553 sceret,
215 2461 426 2560 litterisque
466 2463 616 2536 urbanis
656 2459 991 2547 animadverteret,
1030 2457 1152 2532 multa

27 2581 176 2654 Romae
205 2577 303 2652 male
330 2585 368 2663 et
391 2578 575 2662 inutiliter
600 2577 873 2666 administrari,
899 2599 1018 2674 neque
1036 2573 1151 2649 ullam
1207 2646 1214 2662 .

26 2705 179 2796 partem
206 2694 446 2799 Reipublicae
473 2695 562 2768 satis
601 2693 801 2768 commode
826 2693 925 2794 gerh
951 2689 1073 2792 quod,
1108 2698 1148 2764 et

26 2809 337 2884 contentionibus
362 2808 587 2888 Tribuniciis
613 2808 841 2907 perniciosae
866 2805 1064 2880 seditiones
1079 2803 1151 2913 ori·

24 2935 184 3016 rentur,
201 2933 257 3017 et,
281 2926 484 3015 ambitione
510 2931 623 3021 atque
648 2921 878 3024 indulgentia
895 2923 1151 2996 Tribocorum

25 3042 200 3116 militurn
226 3043 355 3137 etqui
381 3039 588 3140 legionibus
615 3044 831 3138 praeerant,
863 3034 984 3119 multa
1016 3043 1152 3108 contra

24 3185 180 3238 morem
209 3157 589 3254 consuetudinemque
629 3155 829 3234 militarem
862 3153 1015 3236 fierent,
1052 3175 1149 3248 quae

24 3271 289 3354 dissolvendae
315 3271 528 3370 disciplinae
554 3271 839 3364 severitatisque
866 3271 1003 3350 essent;
1031 3287 1150 3360 eaque

24 3395 158 3467 omnia
178 3387 348 3492 flagitare
366 3389 574 3470 adventum
587 3411 700 3465 suum
719 3383 879 3480 videret;
898 3391 1025 3464 tamen
1045 3405 1150 3482 prae·

53 3653 150 3724 ,Qum
163 3647 315 3716 sensnum
326 3671 367 3708 -·,.
379 3643 460 3698 Redit
470 3661 562 3704 uana·
625 3641 766 3761 ddqaentia.
790 3639 867 3692 Beue.
892 3637 1021 3708 Exempla
1042 3637 1098 3719 vid.
1121 3639 1150 3692 in

25 3723 60 3772 tio
74 3719 112 3772 ad
127 3737 154 3770 c.
169 3713 213 3766 33.
226 3715 268 3766 M.
626 3709 659 3760 ln
679 3747 686 3762 .
709 3709 751 3760 M.
773 3709 835 3760 Non
860 3707 926 3760 male
951 3713 1040 3758 tameo
1064 3705 1159 3756 credula
1260 3759 1272 3779 Β

54 3788 147 3839 nucha
166 3783 264 3834 Romae
280 3779 348 3832 mole
370 3807 412 3830 -.
437 3777 492 3831 vid.
511 3779 565 3830 Dio
597 3793 601 3799 ’
623 3781 710 3846 gentio
723 3777 849 3828 convenit
863 3775 1079 3826 eumamhiuom.
1097 3771 1152 3823 Nec

25 3855 97 3906 Cass.
113 3863 167 3916 42,
187 3865 217 3913 η
233 3845 491 3912 -31,.Μεβη3ἱιιίῑ
509 3847 564 3896 An·
594 3869 596 3876 v
626 3862 685 3908 ergo
713 3863 729 3893 o
750 3862 779 3893 us
808 3849 848 3894 est
873 3840 986 3908 Bentleii
1014 3838 1151 3899 insolentie
1238 3857 1243 3862 ⁸

27 3924 94 3974 tonii
112 3917 212 3987 culpa,
234 3913 500 3984 nturbslmilitibus,
523 3931 564 3964 re-
598 3965 606 3971 „
626 3909 669 3962 vel
685 3861 844 3979 negligentia.

28 3993 116 4057 pinis,
136 3981 285 4042 caedibus,
301 4001 334 4034 ue
354 3983 420 4036 uitis
440 4001 474 4032 ue
490 3979 565 4031 omui
658 3974 995 4044 dissolvendaediseiple'nae.
1007 3970 1152 4024 Introdunt

29 4055 106 4126 plena
121 4061 208 4106 esset.
225 4051 303 4104 conf.
321 4000 493 4102 Pluuialia
509 4049 566 4100 Au·
626 4043 703 4119 vulgo
720 4061 817 4094 ramea.
836 4059 888 4110 quo
904 4055 959 4091 nou
976 4055 1050 4116 opus.
1068 4037 1112 4090 Sic
1125 4045 1152 4088 et

30 4133 81 4176 ton.
94 4143 121 4175 c.
135 4125 165 4172 8.
182 4136 205 4186 9·
217 4118 261 4174 M·
572 4145 575 4153 =
628 4109 805 4162 'l'crentAd
824 4128 853 4164 2,
872 4103 1091 4171 4,6.L1v.rs‚
1110 4123 1153 4172 ις,

59 4190 209 4242 inutiliter.
222 4185 309 4237 noxie.
327 4183 371 4242 Sic
382 4192 410 4235 et
419 4179 479 4236 vat
493 4179 566 4248 Max.
629 4175 854 4232 dissolvendarum
887 4171 1041 4242 religionum
1074 4191 1152 4232 esse,

31 4277 66 4324 7,
83 4278 126 4322 2,
152 4262 194 4317 14.
630 4245 702 4315 quod
726 4241 812 4294 Valer.
836 4240 873 4292 Μ.
901 4256 928 4300 1,
953 4257 981 4299 1,
1004 4255 1042 4290 12.
1064 4237 1154 4290 reddit

61 4335 186 4375 content.
201 4321 362 4372 Tritonidis.
377 4313 530 4382 Dolabellae
541 4323 569 4368 et
631 4313 665 4364 ad
681 4308 831 4364 solvendam
849 4303 1002 4374 religionem
1014 4307 1152 4376 pertinere.

8 4389 179 4450 ,Trebellit
195 4387 250 4440 Diu
266 4387 337 4440 Cass.
351 4385 416 4439 ibid.
433 4403 454 4435 c
471 4401 512 4450 29·
528 4383 570 4432 Μ’.
632 4379 711 4432 Cous.
733 4385 761 4428 et
780 4376 906 4443 Priscian.
933 4377 970 4428 18.
994 4381 1021 4430 et
1043 4381 1098 4427 not.
1118 4371 1154 4425 ad

63 4459 244 4531 madalgentio.
270 4447 354 4521 Cede
383 4447 501 4525 plerique
529 4453 570 4502 ine
632 4445 664 4502 C.
685 4463 718 4510 1,
735 4445 777 4498 82.
800 4480 803 4489 ι
