<?xml version="1.0" encoding="UTF-8"?>
<!DOCTYPE html PUBLIC "-//W3C//DTD XHTML 1.0 Transitional//EN"
    "http://www.w3.org/TR/xhtml1/DTD/xhtml1-transitional.dtd">
<html xmlns="http://www.w3.org/1999/xhtml" xml:lang="en" lang="en">
 <head>
  <title>
</title>
<meta http-equiv="Content-Type" content="text/html;charset=utf-8" />
  <meta name='ocr-system' content='tesseract 3.04.00' />
  <meta name='ocr-capabilities' content='ocr_page ocr_carea ocr_par ocr_line ocrx_word'/>
</head>
<body>
  <div class='ocr_page' id='page_1' title='image "./ciuliicaesarisc00hirtgoog_0215.png"; bbox 0 0 2998 5320; ppageno 0'>
   <div class='ocr_carea' id='block_1_1' title="bbox 6 4321 1191 4533">
    <p class='ocr_par' dir='ltr' id='par_1_1' title="bbox 6 4321 1191 4533">
     <span class='ocr_line' id='line_1_1' title="bbox 6 4321 1191 4438; baseline -0.005 -34"><span class='ocrx_word' id='word_1_1' title='bbox 6 4423 8 4430; x_wconf 21' lang='grc' dir='ltr'>Ι</span> <span class='ocrx_word' id='word_1_2' title='bbox 84 4339 204 4430; x_wconf 82' lang='lat' dir='ltr'>atque</span> <span class='ocrx_word' id='word_1_3' title='bbox 230 4325 382 4428; x_wconf 86' lang='lat' dir='ltr'>opibus,</span> <span class='ocrx_word' id='word_1_4' title='bbox 408 4337 451 4403; x_wconf 95' lang='lat' dir='ltr'>ut</span> <span class='ocrx_word' id='word_1_5' title='bbox 478 4329 737 4428; x_wconf 32' lang='lat' dir='ltr'>consueviiin</span> <span class='ocrx_word' id='word_1_6' title='bbox 764 4321 934 4402; x_wconf 87' lang='lat' dir='ltr'>omnibus</span> <span class='ocrx_word' id='word_1_7' title='bbox 960 4329 1070 4438; x_wconf 82' lang='lat' dir='ltr'>rebus</span> <span class='ocrx_word' id='word_1_8' title='bbox 1096 4335 1191 4402; x_wconf 86' lang='lat' dir='ltr'>utar.</span> 
     </span>
     <span class='ocr_line' id='line_1_2' title="bbox 192 4453 1029 4533; baseline -0.005 -1"><span class='ocrx_word' id='word_1_9' title='bbox 192 4453 347 4532; x_wconf 73' lang='lat' dir='ltr'>CAESAR.</span> <span class='ocrx_word' id='word_1_10' title='bbox 375 4457 570 4533; x_wconf 79' lang='lat' dir='ltr'>Commeat.</span> <span class='ocrx_word' id='word_1_11' title='bbox 621 4460 728 4532; x_wconf 86' lang='lat' dir='ltr'>Tum.</span> <span class='ocrx_word' id='word_1_12' title='bbox 756 4461 801 4532; x_wconf 89' lang='lat'>11.</span> <span class='ocrx_word' id='word_1_13' title='bbox 851 4486 857 4496; x_wconf 81' lang='grc'>’</span> <span class='ocrx_word' id='word_1_14' title='bbox 953 4456 1029 4530; x_wconf 87' lang='lat' dir='ltr'>Dd</span> 
     </span>
    </p>
   </div>
   <div class='ocr_carea' id='block_1_2' title="bbox 358 543 904 630">
    <p class='ocr_par' dir='ltr' id='par_1_2' title="bbox 358 543 904 630">
     <span class='ocr_line' id='line_1_3' title="bbox 358 543 904 630; baseline 0.005 -5"><span class='ocrx_word' id='word_1_15' title='bbox 358 543 403 625; x_wconf 50' lang='lat' dir='ltr'>Ca</span> <span class='ocrx_word' id='word_1_16' title='bbox 439 543 586 626; x_wconf 80' lang='lat' dir='ltr'>IVLII</span> <span class='ocrx_word' id='word_1_17' title='bbox 619 543 904 630; x_wconf 77' lang='lat' dir='ltr'><strong>CAESARIS</strong></span> 
     </span>
    </p>
   </div>
   <div class='ocr_carea' id='block_1_3' title="bbox 464 813 798 916">
    <p class='ocr_par' dir='ltr' id='par_1_3' title="bbox 464 813 798 916">
     <span class='ocr_line' id='line_1_4' title="bbox 464 813 798 916; baseline 0.003 -3"><span class='ocrx_word' id='word_1_18' title='bbox 464 813 798 916; x_wconf 69' lang='lat' dir='ltr'><strong>FRAGMENTA.</strong></span> 
     </span>
    </p>
   </div>
   <div class='ocr_carea' id='block_1_4' title="bbox 131 1275 1135 1370">
    <p class='ocr_par' dir='ltr' id='par_1_4' title="bbox 131 1275 1135 1370">
     <span class='ocr_line' id='line_1_5' title="bbox 131 1275 1135 1370; baseline 0.005 -18"><span class='ocrx_word' id='word_1_19' title='bbox 131 1278 190 1352; x_wconf 72' lang='lat' dir='ltr'>‘ux</span> <span class='ocrx_word' id='word_1_20' title='bbox 209 1275 341 1352; x_wconf 69' lang='lat' dir='ltr'>[lunis</span> <span class='ocrx_word' id='word_1_21' title='bbox 361 1279 660 1355; x_wconf 72' lang='lat' dir='ltr'>nns‘rotinvu</span> <span class='ocrx_word' id='word_1_22' title='bbox 682 1285 740 1370; x_wconf 79' lang='lat' dir='ltr'>lu</span> <span class='ocrx_word' id='word_1_23' title='bbox 761 1291 804 1354; x_wconf 84' lang='lat' dir='ltr'>u.</span> <span class='ocrx_word' id='word_1_24' title='bbox 827 1294 865 1353; x_wconf 80' lang='lat' dir='ltr'>r.</span> <span class='ocrx_word' id='word_1_25' title='bbox 886 1291 1135 1358; x_wconf 74' lang='lat' dir='ltr'>munionem</span> 
     </span>
    </p>
   </div>
   <div class='ocr_carea' id='block_1_5' title="bbox 335 1407 927 1552">
    <p class='ocr_par' dir='ltr' id='par_1_5' title="bbox 335 1407 927 1552">
     <span class='ocr_line' id='line_1_6' title="bbox 626 1407 638 1444; baseline 0 0"><span class='ocrx_word' id='word_1_26' title='bbox 626 1407 638 1444; x_wconf 79' lang='lat' dir='ltr'>t</span> 
     </span>
     <span class='ocr_line' id='line_1_7' title="bbox 335 1489 927 1552; baseline -0.007 -2"><span class='ocrx_word' id='word_1_27' title='bbox 335 1495 472 1550; x_wconf 78' lang='lat' dir='ltr'>CAESAR</span> <span class='ocrx_word' id='word_1_28' title='bbox 488 1489 559 1552; x_wconf 76' lang='lat' dir='ltr'>flue.</span> <span class='ocrx_word' id='word_1_29' title='bbox 577 1497 605 1552; x_wconf 84' lang='lat' dir='ltr'>S·</span> <span class='ocrx_word' id='word_1_30' title='bbox 622 1495 656 1552; x_wconf 89' lang='lat' dir='ltr'>D.</span> <span class='ocrx_word' id='word_1_31' title='bbox 674 1495 839 1551; x_wconf 75' lang='lat' dir='ltr'><strong>CICERONI</strong></span> <span class='ocrx_word' id='word_1_32' title='bbox 856 1497 927 1552; x_wconf 82' lang='grc' dir='ltr'><strong>ΙΜΡ.</strong></span> 
     </span>
    </p>
   </div>
   <div class='ocr_carea' id='block_1_6' title="bbox 76 1579 1188 3030">
    <p class='ocr_par' dir='ltr' id='par_1_6' title="bbox 76 1579 1188 3030">
     <span class='ocr_line' id='line_1_8' title="bbox 77 1579 1184 1784; baseline 0.005 -46"><span class='ocrx_word' id='word_1_33' title='bbox 77 1579 243 1784; x_wconf 81' lang='lat' dir='ltr'>Quum</span> <span class='ocrx_word' id='word_1_34' title='bbox 268 1658 447 1742; x_wconf 81' lang='lat' dir='ltr'><strong>Furnium</strong></span> <span class='ocrx_word' id='word_1_35' title='bbox 474 1665 642 1742; x_wconf 87' lang='lat' dir='ltr'>nostrum</span> <span class='ocrx_word' id='word_1_36' title='bbox 665 1673 814 1742; x_wconf 88' lang='lat' dir='ltr'>tantum</span> <span class='ocrx_word' id='word_1_37' title='bbox 843 1668 1034 1758; x_wconf 84' lang='lat' dir='ltr'>vidissem,</span> <span class='ocrx_word' id='word_1_38' title='bbox 1065 1692 1184 1768; x_wconf 84' lang='lat' dir='ltr'>neque</span> 
     </span>
     <span class='ocr_line' id='line_1_9' title="bbox 78 1759 1184 1886; baseline 0.004 -32"><span class='ocrx_word' id='word_1_39' title='bbox 78 1782 181 1880; x_wconf 90' lang='lat' dir='ltr'>loqui</span> <span class='ocrx_word' id='word_1_40' title='bbox 213 1801 331 1879; x_wconf 88' lang='lat' dir='ltr'>neque</span> <span class='ocrx_word' id='word_1_41' title='bbox 362 1784 487 1866; x_wconf 84' lang='lat' dir='ltr'>audire</span> <span class='ocrx_word' id='word_1_42' title='bbox 520 1807 581 1856; x_wconf 89' lang='lat' dir='ltr'>me</span> <span class='ocrx_word' id='word_1_43' title='bbox 613 1785 807 1857; x_wconf 85' lang='lat' dir='ltr'>commode</span> <span class='ocrx_word' id='word_1_44' title='bbox 838 1759 1040 1886; x_wconf 85' lang='lat' dir='ltr'>potdisset,</span> <span class='ocrx_word' id='word_1_45' title='bbox 1067 1809 1184 1884; x_wconf 91' lang='lat' dir='ltr'>quum</span> 
     </span>
     <span class='ocr_line' id='line_1_10' title="bbox 78 1899 1185 1998; baseline 0.004 -30"><span class='ocrx_word' id='word_1_46' title='bbox 78 1919 338 1998; x_wconf 84' lang='lat' dir='ltr'>properarem,</span> <span class='ocrx_word' id='word_1_47' title='bbox 371 1905 482 1994; x_wconf 83' lang='lat' dir='ltr'>etque</span> <span class='ocrx_word' id='word_1_48' title='bbox 509 1917 623 1970; x_wconf 87' lang='lat' dir='ltr'>essem</span> <span class='ocrx_word' id='word_1_49' title='bbox 643 1899 679 1970; x_wconf 92' lang='lat' dir='ltr'>in</span> <span class='ocrx_word' id='word_1_50' title='bbox 694 1899 845 1987; x_wconf 86' lang='lat' dir='ltr'>itinere,</span> <span class='ocrx_word' id='word_1_51' title='bbox 877 1901 1082 1996; x_wconf 82' lang='lat' dir='ltr'>praemissis</span> <span class='ocrx_word' id='word_1_52' title='bbox 1109 1903 1185 1972; x_wconf 84' lang='lat' dir='ltr'>iam</span> 
     </span>
     <span class='ocr_line' id='line_1_11' title="bbox 79 2011 1186 2110; baseline 0.004 -29"><span class='ocrx_word' id='word_1_53' title='bbox 79 2011 306 2109; x_wconf 83' lang='lat' dir='ltr'>legionibus:</span> <span class='ocrx_word' id='word_1_54' title='bbox 335 2014 532 2110; x_wconf 83' lang='lat' dir='ltr'>praeterire</span> <span class='ocrx_word' id='word_1_55' title='bbox 549 2019 675 2084; x_wconf 85' lang='lat' dir='ltr'>tamen</span> <span class='ocrx_word' id='word_1_56' title='bbox 695 2035 768 2084; x_wconf 92' lang='lat' dir='ltr'>uon</span> <span class='ocrx_word' id='word_1_57' title='bbox 787 2014 912 2109; x_wconf 89' lang='lat' dir='ltr'>potui,</span> <span class='ocrx_word' id='word_1_58' title='bbox 936 2015 1025 2108; x_wconf 90' lang='lat' dir='ltr'>quin</span> <span class='ocrx_word' id='word_1_59' title='bbox 1043 2021 1081 2085; x_wconf 89' lang='lat' dir='ltr'>et</span> <span class='ocrx_word' id='word_1_60' title='bbox 1098 2016 1186 2085; x_wconf 83' lang='lat' dir='ltr'>scri·</span> 
     </span>
     <span class='ocr_line' id='line_1_12' title="bbox 79 2122 1183 2224; baseline 0.002 -30"><span class='ocrx_word' id='word_1_61' title='bbox 79 2122 206 2196; x_wconf 85' lang='lat' dir='ltr'>berem</span> <span class='ocrx_word' id='word_1_62' title='bbox 231 2125 275 2195; x_wconf 88' lang='lat' dir='ltr'>ad</span> <span class='ocrx_word' id='word_1_63' title='bbox 298 2129 337 2195; x_wconf 88' lang='lat' dir='ltr'>te</span> <span class='ocrx_word' id='word_1_64' title='bbox 358 2131 397 2198; x_wconf 88' lang='lat' dir='ltr'>et</span> <span class='ocrx_word' id='word_1_65' title='bbox 418 2123 522 2197; x_wconf 87' lang='lat' dir='ltr'>illum</span> <span class='ocrx_word' id='word_1_66' title='bbox 549 2126 760 2214; x_wconf 81' lang='lat' dir='ltr'>mitterem,</span> <span class='ocrx_word' id='word_1_67' title='bbox 787 2125 996 2224; x_wconf 79' lang='lat' dir='ltr'>gratiasque</span> <span class='ocrx_word' id='word_1_68' title='bbox 1025 2149 1183 2221; x_wconf 86' lang='lat' dir='ltr'>agerem.</span> 
     </span>
     <span class='ocr_line' id='line_1_13' title="bbox 79 2237 1184 2339; baseline -0.001 -28"><span class='ocrx_word' id='word_1_69' title='bbox 79 2239 157 2312; x_wconf 84' lang='lat' dir='ltr'>Etsi</span> <span class='ocrx_word' id='word_1_70' title='bbox 184 2239 257 2313; x_wconf 83' lang='lat' dir='ltr'>hoo</span> <span class='ocrx_word' id='word_1_71' title='bbox 281 2237 446 2314; x_wconf 87' lang='lat' dir='ltr'>officium</span> <span class='ocrx_word' id='word_1_72' title='bbox 472 2247 510 2316; x_wconf 88' lang='lat' dir='ltr'>et</span> <span class='ocrx_word' id='word_1_73' title='bbox 535 2241 755 2339; x_wconf 83' lang='lat' dir='ltr'>feeisaepe,</span> <span class='ocrx_word' id='word_1_74' title='bbox 783 2249 822 2314; x_wconf 89' lang='lat' dir='ltr'>et</span> <span class='ocrx_word' id='word_1_75' title='bbox 848 2241 992 2338; x_wconf 89' lang='lat' dir='ltr'>saepius</span> <span class='ocrx_word' id='word_1_76' title='bbox 1014 2239 1103 2312; x_wconf 84' lang='lat' dir='ltr'>mihi</span> <span class='ocrx_word' id='word_1_77' title='bbox 1132 2241 1184 2310; x_wconf 86' lang='lat' dir='ltr'>fa·</span> 
     </span>
     <span class='ocr_line' id='line_1_14' title="bbox 80 2344 1185 2456; baseline 0 -30"><span class='ocrx_word' id='word_1_78' title='bbox 80 2364 211 2451; x_wconf 72' lang='lat' dir='ltr'>oturus</span> <span class='ocrx_word' id='word_1_79' title='bbox 226 2355 370 2442; x_wconf 65' lang='lat' dir='ltr'>videon</span> <span class='ocrx_word' id='word_1_80' title='bbox 397 2358 451 2430; x_wconf 87' lang='lat' dir='ltr'>ito</span> <span class='ocrx_word' id='word_1_81' title='bbox 465 2344 509 2428; x_wconf 88' lang='lat' dir='ltr'>de</span> <span class='ocrx_word' id='word_1_82' title='bbox 523 2378 583 2429; x_wconf 84' lang='lat' dir='ltr'>me</span> <span class='ocrx_word' id='word_1_83' title='bbox 598 2358 760 2428; x_wconf 73' lang='lat' dir='ltr'>mereris.</span> <span class='ocrx_word' id='word_1_84' title='bbox 793 2357 834 2428; x_wconf 93' lang='lat' dir='ltr'>ln</span> <span class='ocrx_word' id='word_1_85' title='bbox 850 2357 976 2456; x_wconf 89' lang='lat' dir='ltr'>primis</span> <span class='ocrx_word' id='word_1_86' title='bbox 990 2380 1010 2426; x_wconf 85' lang='lat' dir='ltr'>a</span> <span class='ocrx_word' id='word_1_87' title='bbox 1025 2359 1062 2426; x_wconf 90' lang='lat' dir='ltr'>te</span> <span class='ocrx_word' id='word_1_88' title='bbox 1078 2363 1185 2453; x_wconf 88' lang='lat' dir='ltr'>peto,</span> 
     </span>
     <span class='ocr_line' id='line_1_15' title="bbox 80 2467 1185 2564; baseline 0.002 -25"><span class='ocrx_word' id='word_1_89' title='bbox 80 2474 257 2564; x_wconf 90' lang='lat' dir='ltr'>quoniam</span> <span class='ocrx_word' id='word_1_90' title='bbox 286 2467 432 2544; x_wconf 89' lang='lat' dir='ltr'>conlido</span> <span class='ocrx_word' id='word_1_91' title='bbox 459 2495 517 2542; x_wconf 91' lang='lat' dir='ltr'>me</span> <span class='ocrx_word' id='word_1_92' title='bbox 544 2471 714 2544; x_wconf 78' lang='lat' dir='ltr'>celeriter</span> <span class='ocrx_word' id='word_1_93' title='bbox 739 2473 785 2542; x_wconf 84' lang='lat' dir='ltr'>ed</span> <span class='ocrx_word' id='word_1_94' title='bbox 812 2469 940 2541; x_wconf 87' lang='lat' dir='ltr'>urbem</span> <span class='ocrx_word' id='word_1_95' title='bbox 963 2477 1185 2558; x_wconf 78' lang='lat' dir='ltr'>venturum,</span> 
     </span>
     <span class='ocr_line' id='line_1_16' title="bbox 77 2583 1188 2684; baseline 0.003 -31"><span class='ocrx_word' id='word_1_96' title='bbox 77 2589 121 2654; x_wconf 85' lang='lat' dir='ltr'>&#39;ut</span> <span class='ocrx_word' id='word_1_97' title='bbox 141 2589 180 2654; x_wconf 88' lang='lat' dir='ltr'>te</span> <span class='ocrx_word' id='word_1_98' title='bbox 196 2584 247 2654; x_wconf 87' lang='lat' dir='ltr'>ibi</span> <span class='ocrx_word' id='word_1_99' title='bbox 262 2585 433 2670; x_wconf 80' lang='lat' dir='ltr'>‚videam3</span> <span class='ocrx_word' id='word_1_100' title='bbox 470 2593 514 2658; x_wconf 92' lang='lat' dir='ltr'>ut</span> <span class='ocrx_word' id='word_1_101' title='bbox 531 2591 599 2658; x_wconf 90' lang='lat' dir='ltr'>tuo</span> <span class='ocrx_word' id='word_1_102' title='bbox 612 2583 788 2670; x_wconf 70' lang='lat' dir='ltr'>oonsilio,</span> <span class='ocrx_word' id='word_1_103' title='bbox 817 2585 955 2684; x_wconf 81' lang='lat' dir='ltr'>gratia,</span> <span class='ocrx_word' id='word_1_104' title='bbox 985 2583 1188 2682; x_wconf 82' lang='lat' dir='ltr'>dignitate,</span> 
     </span>
     <span class='ocr_line' id='line_1_17' title="bbox 78 2684 1183 2798; baseline 0.004 -30"><span class='ocrx_word' id='word_1_105' title='bbox 78 2684 147 2795; x_wconf 80' lang='lat' dir='ltr'>ope</span> <span class='ocrx_word' id='word_1_106' title='bbox 185 2701 353 2771; x_wconf 88' lang='lat' dir='ltr'>omniurn</span> <span class='ocrx_word' id='word_1_107' title='bbox 387 2723 511 2772; x_wconf 89' lang='lat' dir='ltr'>rerum</span> <span class='ocrx_word' id='word_1_108' title='bbox 548 2703 602 2772; x_wconf 94' lang='lat' dir='ltr'>uti</span> <span class='ocrx_word' id='word_1_109' title='bbox 638 2700 788 2798; x_wconf 77' lang='lat' dir='ltr'>possim.</span> <span class='ocrx_word' id='word_1_110' title='bbox 856 2699 915 2772; x_wconf 90' lang='lat' dir='ltr'>Ad</span> <span class='ocrx_word' id='word_1_111' title='bbox 953 2703 1183 2797; x_wconf 85' lang='lat' dir='ltr'>propositum</span> 
     </span>
     <span class='ocr_line' id='line_1_18' title="bbox 78 2804 1185 2910; baseline 0.004 -26"><span class='ocrx_word' id='word_1_112' title='bbox 78 2822 267 2901; x_wconf 84' lang='lat' dir='ltr'>revertar;</span> <span class='ocrx_word' id='word_1_113' title='bbox 308 2804 534 2890; x_wconf 76' lang='lat' dir='ltr'>festinationi</span> <span class='ocrx_word' id='word_1_114' title='bbox 563 2839 666 2888; x_wconf 83' lang='lat' dir='ltr'>meae</span> <span class='ocrx_word' id='word_1_115' title='bbox 692 2815 943 2910; x_wconf 62' lang='lat' dir='ltr'>brevitatique</span> <span class='ocrx_word' id='word_1_116' title='bbox 977 2813 1185 2888; x_wconf 87' lang='lat' dir='ltr'>litterarum</span> 
     </span>
     <span class='ocr_line' id='line_1_19' title="bbox 76 2931 1186 3030; baseline 0.005 -28"><span class='ocrx_word' id='word_1_117' title='bbox 76 2931 266 3028; x_wconf 78' lang='lat' dir='ltr'>ignosces3</span> <span class='ocrx_word' id='word_1_118' title='bbox 298 2931 440 3028; x_wconf 86' lang='lat' dir='ltr'>reliqua</span> <span class='ocrx_word' id='word_1_119' title='bbox 466 2953 513 3004; x_wconf 86' lang='lat' dir='ltr'>ex</span> <span class='ocrx_word' id='word_1_120' title='bbox 538 2933 678 3004; x_wconf 86' lang='lat' dir='ltr'>Furnio</span> <span class='ocrx_word' id='word_1_121' title='bbox 704 2954 917 3030; x_wconf 60' lang='lat' dir='ltr'>cognosces.</span> <span class='ocrx_word' id='word_1_122' title='bbox 970 2931 1072 3004; x_wconf 84' lang='lat' dir='ltr'>Vale.</span> <span class='ocrx_word' id='word_1_123' title='bbox 1125 2931 1186 3008; x_wconf 72' lang='lat' dir='ltr'>E&#39;a</span> 
     </span>
    </p>
   </div>
   <div class='ocr_carea' id='block_1_7' title="bbox 79 3045 904 3342">
    <p class='ocr_par' dir='ltr' id='par_1_7' title="bbox 79 3045 904 3342">
     <span class='ocr_line' id='line_1_20' title="bbox 79 3045 501 3142; baseline 0.009 -29"><span class='ocrx_word' id='word_1_124' title='bbox 79 3045 153 3115; x_wconf 70' lang='lat' dir='ltr'>Cic.</span> <span class='ocrx_word' id='word_1_125' title='bbox 181 3045 231 3116; x_wconf 80' lang='lat' dir='ltr'>ad</span> <span class='ocrx_word' id='word_1_126' title='bbox 256 3045 368 3118; x_wconf 65' lang='lat' dir='ltr'>Attae.</span> <span class='ocrx_word' id='word_1_127' title='bbox 394 3047 439 3142; x_wconf 71' lang='lat'>9,</span> <span class='ocrx_word' id='word_1_128' title='bbox 465 3047 501 3118; x_wconf 72' lang='grc'>6.</span> 
     </span>
     <span class='ocr_line' id='line_1_21' title="bbox 352 3229 904 3342; baseline -0.002 -16"><span class='ocrx_word' id='word_1_129' title='bbox 352 3229 498 3328; x_wconf 74' lang='lat' dir='ltr'>¹nassau</span> <span class='ocrx_word' id='word_1_130' title='bbox 514 3271 585 3325; x_wconf 80' lang='lat' dir='ltr'>inu.</span> <span class='ocrx_word' id='word_1_131' title='bbox 604 3261 772 3342; x_wconf 76' lang='lat' dir='ltr'>oiosnoni</span> <span class='ocrx_word' id='word_1_132' title='bbox 789 3263 859 3325; x_wconf 81' lang='lat' dir='ltr'>nus.</span> <span class='ocrx_word' id='word_1_133' title='bbox 876 3264 904 3325; x_wconf 86' lang='lat' dir='ltr'>s.</span> 
     </span>
    </p>
   </div>
   <div class='ocr_carea' id='block_1_8' title="bbox 83 3403 1190 3628">
    <p class='ocr_par' dir='ltr' id='par_1_8' title="bbox 83 3403 1190 3628">
     <span class='ocr_line' id='line_1_22' title="bbox 131 3403 1189 3514; baseline -0.004 -24"><span class='ocrx_word' id='word_1_134' title='bbox 131 3409 250 3490; x_wconf 82' lang='lat' dir='ltr'>Recte</span> <span class='ocrx_word' id='word_1_135' title='bbox 264 3416 455 3514; x_wconf 75' lang='lat' dir='ltr'>auguratio</span> <span class='ocrx_word' id='word_1_136' title='bbox 465 3413 507 3485; x_wconf 88' lang='lat' dir='ltr'>de</span> <span class='ocrx_word' id='word_1_137' title='bbox 523 3438 594 3503; x_wconf 88' lang='lat' dir='ltr'>me,</span> <span class='ocrx_word' id='word_1_138' title='bbox 609 3413 700 3484; x_wconf 87' lang='lat' dir='ltr'>bene</span> <span class='ocrx_word' id='word_1_139' title='bbox 716 3414 813 3484; x_wconf 92' lang='lat' dir='ltr'>enim</span> <span class='ocrx_word' id='word_1_140' title='bbox 828 3403 895 3484; x_wconf 88' lang='lat' dir='ltr'>tibi</span> <span class='ocrx_word' id='word_1_141' title='bbox 907 3407 1078 3512; x_wconf 85' lang='lat' dir='ltr'>cognitus</span> <span class='ocrx_word' id='word_1_142' title='bbox 1093 3432 1189 3502; x_wconf 77' lang='lat' dir='ltr'>sum,</span> 
     </span>
     <span class='ocr_line' id='line_1_23' title="bbox 83 3526 1190 3628; baseline -0.005 -26"><span class='ocrx_word' id='word_1_143' title='bbox 83 3529 174 3604; x_wconf 91' lang='lat' dir='ltr'>nihil</span> <span class='ocrx_word' id='word_1_144' title='bbox 186 3555 208 3600; x_wconf 90' lang='lat' dir='ltr'>a</span> <span class='ocrx_word' id='word_1_145' title='bbox 223 3553 281 3600; x_wconf 85' lang='lat' dir='ltr'>me</span> <span class='ocrx_word' id='word_1_146' title='bbox 296 3529 420 3602; x_wconf 90' lang='lat' dir='ltr'>abesse</span> <span class='ocrx_word' id='word_1_147' title='bbox 437 3527 581 3628; x_wconf 80' lang='lat' dir='ltr'>longius</span> <span class='ocrx_word' id='word_1_148' title='bbox 598 3526 829 3599; x_wconf 87' lang='lat' dir='ltr'>crudelitate.</span> <span class='ocrx_word' id='word_1_149' title='bbox 853 3529 975 3623; x_wconf 79' lang='lat' dir='ltr'>Atque</span> <span class='ocrx_word' id='word_1_150' title='bbox 991 3549 1058 3625; x_wconf 86' lang='lat' dir='ltr'>ego</span> <span class='ocrx_word' id='word_1_151' title='bbox 1074 3549 1190 3622; x_wconf 90' lang='lat' dir='ltr'>quum</span> 
     </span>
    </p>
   </div>
   <div class='ocr_carea' id='block_1_9' title="bbox 83 3637 1313 3746">
    <p class='ocr_par' dir='ltr' id='par_1_9' title="bbox 83 3637 1313 3746">
     <span class='ocr_line' id='line_1_24' title="bbox 83 3637 1313 3746; baseline -0.012 -31"><span class='ocrx_word' id='word_1_152' title='bbox 83 3667 129 3715; x_wconf 91' lang='lat' dir='ltr'>ex</span> <span class='ocrx_word' id='word_1_153' title='bbox 159 3643 237 3740; x_wconf 82' lang='lat' dir='ltr'>ipse</span> <span class='ocrx_word' id='word_1_154' title='bbox 256 3665 296 3712; x_wconf 88' lang='lat' dir='ltr'>re</span> <span class='ocrx_word' id='word_1_155' title='bbox 322 3665 495 3746; x_wconf 78' lang='lat' dir='ltr'>magnam</span> <span class='ocrx_word' id='word_1_156' title='bbox 523 3641 629 3740; x_wconf 87' lang='lat' dir='ltr'>capio</span> <span class='ocrx_word' id='word_1_157' title='bbox 657 3637 906 3738; x_wconf 86' lang='lat' dir='ltr'>voluptatem,</span> <span class='ocrx_word' id='word_1_158' title='bbox 933 3645 1035 3724; x_wconf 75' lang='lat' dir='ltr'>tum,</span> <span class='ocrx_word' id='word_1_159' title='bbox 1063 3661 1190 3709; x_wconf 89' lang='lat' dir='ltr'>meum</span> <span class='ocrx_word' id='word_1_160' title='bbox 1310 3689 1313 3700; x_wconf 94' lang='grc'><em>,</em></span> 
     </span>
    </p>
   </div>
   <div class='ocr_carea' id='block_1_10' title="bbox 84 3752 1267 4313">
    <p class='ocr_par' dir='ltr' id='par_1_10' title="bbox 84 3752 1267 4313">
     <span class='ocr_line' id='line_1_25' title="bbox 84 3752 1192 3857; baseline -0.005 -27"><span class='ocrx_word' id='word_1_161' title='bbox 84 3761 227 3832; x_wconf 84' lang='lat' dir='ltr'>factum</span> <span class='ocrx_word' id='word_1_162' title='bbox 247 3757 393 3857; x_wconf 89' lang='lat' dir='ltr'>probari</span> <span class='ocrx_word' id='word_1_163' title='bbox 413 3757 477 3828; x_wconf 89' lang='lat' dir='ltr'>abs</span> <span class='ocrx_word' id='word_1_164' title='bbox 496 3764 552 3843; x_wconf 88' lang='lat' dir='ltr'>te,</span> <span class='ocrx_word' id='word_1_165' title='bbox 570 3755 760 3854; x_wconf 89' lang='lat' dir='ltr'>triumpho</span> <span class='ocrx_word' id='word_1_166' title='bbox 781 3753 927 3853; x_wconf 83' lang='lat' dir='ltr'>gaudio.</span> <span class='ocrx_word' id='word_1_167' title='bbox 955 3757 1082 3849; x_wconf 86' lang='lat' dir='ltr'>Neque</span> <span class='ocrx_word' id='word_1_168' title='bbox 1100 3752 1192 3824; x_wconf 88' lang='lat' dir='ltr'>illud</span> 
     </span>
     <span class='ocr_line' id='line_1_26' title="bbox 85 3867 1192 3968; baseline -0.007 -24"><span class='ocrx_word' id='word_1_169' title='bbox 85 3893 144 3944; x_wconf 93' lang='lat' dir='ltr'>me</span> <span class='ocrx_word' id='word_1_170' title='bbox 163 3879 314 3960; x_wconf 87' lang='lat' dir='ltr'>movet,</span> <span class='ocrx_word' id='word_1_171' title='bbox 333 3869 432 3968; x_wconf 90' lang='lat' dir='ltr'>quod</span> <span class='ocrx_word' id='word_1_172' title='bbox 450 3873 492 3958; x_wconf 87' lang='lat' dir='ltr'>ii,</span> <span class='ocrx_word' id='word_1_173' title='bbox 511 3871 573 3967; x_wconf 88' lang='lat' dir='ltr'>qui</span> <span class='ocrx_word' id='word_1_174' title='bbox 593 3895 613 3941; x_wconf 91' lang='lat' dir='ltr'>a</span> <span class='ocrx_word' id='word_1_175' title='bbox 633 3894 691 3940; x_wconf 89' lang='lat' dir='ltr'>me</span> <span class='ocrx_word' id='word_1_176' title='bbox 710 3869 845 3941; x_wconf 89' lang='lat' dir='ltr'>dimissi</span> <span class='ocrx_word' id='word_1_177' title='bbox 862 3875 970 3956; x_wconf 85' lang='lat' dir='ltr'>sunt,</span> <span class='ocrx_word' id='word_1_178' title='bbox 989 3867 1192 3938; x_wconf 84' lang='lat' dir='ltr'>discessisse</span> 
     </span>
     <span class='ocr_line' id='line_1_27' title="bbox 87 3979 1199 4072; baseline -0.004 -16"><span class='ocrx_word' id='word_1_179' title='bbox 87 3987 284 4072; x_wconf 84' lang='lat' dir='ltr'>dicuntur,</span> <span class='ocrx_word' id='word_1_180' title='bbox 308 3991 349 4056; x_wconf 87' lang='lat' dir='ltr'>ot</span> <span class='ocrx_word' id='word_1_181' title='bbox 364 3985 451 4056; x_wconf 85' lang='lat' dir='ltr'>mihi</span> <span class='ocrx_word' id='word_1_182' title='bbox 469 4009 595 4056; x_wconf 85' lang='lat' dir='ltr'>rursus</span> <span class='ocrx_word' id='word_1_183' title='bbox 612 3983 748 4054; x_wconf 88' lang='lat' dir='ltr'>bellum</span> <span class='ocrx_word' id='word_1_184' title='bbox 768 3983 963 4068; x_wconf 82' lang='lat' dir='ltr'>inferrent3</span> <span class='ocrx_word' id='word_1_185' title='bbox 988 3979 1077 4052; x_wconf 87' lang='lat' dir='ltr'>nihil</span> <span class='ocrx_word' id='word_1_186' title='bbox 1093 3981 1199 4052; x_wconf 83' lang='lat' dir='ltr'>enim</span> 
     </span>
     <span class='ocr_line' id='line_1_28' title="bbox 86 4090 1267 4197; baseline -0.006 -27"><span class='ocrx_word' id='word_1_187' title='bbox 86 4090 223 4187; x_wconf 82' lang='lat' dir='ltr'>malo‚&#39;</span> <span class='ocrx_word' id='word_1_188' title='bbox 248 4124 359 4197; x_wconf 90' lang='lat' dir='ltr'>quam</span> <span class='ocrx_word' id='word_1_189' title='bbox 387 4105 425 4171; x_wconf 90' lang='lat' dir='ltr'>et</span> <span class='ocrx_word' id='word_1_190' title='bbox 451 4124 510 4170; x_wconf 91' lang='lat' dir='ltr'>me</span> <span class='ocrx_word' id='word_1_191' title='bbox 538 4100 610 4170; x_wconf 91' lang='lat' dir='ltr'>mei</span> <span class='ocrx_word' id='word_1_192' title='bbox 637 4096 792 4170; x_wconf 85' lang='lat' dir='ltr'>similem</span> <span class='ocrx_word' id='word_1_193' title='bbox 821 4121 915 4185; x_wconf 90' lang='lat' dir='ltr'>esse,</span> <span class='ocrx_word' id='word_1_194' title='bbox 954 4101 991 4167; x_wconf 89' lang='lat' dir='ltr'>et</span> <span class='ocrx_word' id='word_1_195' title='bbox 1015 4095 1096 4167; x_wconf 90' lang='lat' dir='ltr'>illos</span> <span class='ocrx_word' id='word_1_196' title='bbox 1123 4097 1191 4166; x_wconf 87' lang='lat' dir='ltr'>sui.</span> <span class='ocrx_word' id='word_1_197' title='bbox 1265 4186 1267 4192; x_wconf 23' lang='grc' dir='ltr'>Ι</span> 
     </span>
     <span class='ocr_line' id='line_1_29' title="bbox 87 4199 1191 4313; baseline -0.007 -23"><span class='ocrx_word' id='word_1_198' title='bbox 87 4217 147 4290; x_wconf 84' lang='lat' dir='ltr'>Tu</span> <span class='ocrx_word' id='word_1_199' title='bbox 168 4215 280 4286; x_wconf 87' lang='lat' dir='ltr'>velim</span> <span class='ocrx_word' id='word_1_200' title='bbox 298 4215 386 4287; x_wconf 88' lang='lat' dir='ltr'>mihi</span> <span class='ocrx_word' id='word_1_201' title='bbox 405 4211 452 4286; x_wconf 92' lang='lat' dir='ltr'>ad</span> <span class='ocrx_word' id='word_1_202' title='bbox 470 4199 599 4286; x_wconf 84' lang='lat' dir='ltr'>urbem</span> <span class='ocrx_word' id='word_1_203' title='bbox 618 4219 763 4313; x_wconf 87' lang='lat' dir='ltr'>praesto</span> <span class='ocrx_word' id='word_1_204' title='bbox 780 4215 849 4302; x_wconf 88' lang='lat' dir='ltr'>sis,</span> <span class='ocrx_word' id='word_1_205' title='bbox 875 4219 919 4288; x_wconf 90' lang='lat' dir='ltr'>ut</span> <span class='ocrx_word' id='word_1_206' title='bbox 940 4213 1015 4284; x_wconf 91' lang='lat' dir='ltr'>tuis·</span> <span class='ocrx_word' id='word_1_207' title='bbox 1032 4210 1191 4284; x_wconf 83' lang='lat' dir='ltr'>consiliis</span> 
     </span>
    </p>
   </div>
   <div class='ocr_carea' id='block_1_11' title="bbox 0 0 1518 5320">
    <p class='ocr_par' dir='ltr' id='par_1_11' title="bbox 0 0 1518 5320">
     <span class='ocr_line' id='line_1_30' title="bbox 0 0 1518 5320; baseline 0 0"><span class='ocrx_word' id='word_1_208' title='bbox 0 0 1518 5320; x_wconf 95' lang='lat' dir='ltr'> </span> 
     </span>
    </p>
   </div>
  </div>
 </body>
</html>
