3044 5316
182 416 189 450 l

241 2743 244 2750 ι
349 2703 377 2749 in
389 2698 492 2757 Asiam,
504 2697 669 2767 provinciam
679 2697 842 2759 Romanam,

320 341 380 432 7⁰
441 319 444 326 ’
518 341 557 398 ι.
593 338 821 398 urrunnu
857 337 991 396 netto
1027 335 1245 444 tpuxrnn.

371 539 430 630 78.
458 540 517 610 Ita
534 471 599 638 pir
618 535 913 638 Gallograeciam
942 536 1231 634 Bithyniamque
1245 535 1290 608 in
1308 531 1439 614 Asiam

317 645 391 726 iter
416 651 529 742 lacit,
555 654 799 766 omniumque
826 677 956 758 earum
980 651 1261 750 provinciarum
1285 649 1330 724 de
1348 676 1441 724 con-

291 767 508 840 troversiis
541 768 736 868 cognoscit
762 773 801 840 et
827 769 976 854 statuit,
1014 767 1097 843 iura
1122 767 1161 840 iu
1188 766 1436 860 Tetrarchas,

315 885 456 984 Reges,
490 885 662 968 civitates
689 885 888 970 distribuit.
955 883 1213 966 Mithridatem
1240 885 1442 984 Pergame-

315 1023 431 1084 num,
460 1025 482 1071 a
501 1023 673 1098 quorem
693 999 847 1082 feliciter
873 999 1117 1100 celeriterque
1144 1006 1288 1100 gestam
1307 999 1345 1070 in
1363 998 1438 1076 Ae-

314 1123 433 1218 gypto
454 1106 565 1217 supra
588 1118 823 1219 scripsimus,
849 1118 967 1216 Regio
986 1140 1120 1216 genere
1137 1121 1298 1206 ortum,
1324 1113 1437 1199 discif.

314 1235 425 1336 plinis
442 1237 555 1308 etiam
573 1237 697 1336 Regiis
717 1233 939 1320 educatum
962 1259 1049 1314 nam
1069 1233 1327 1322 Mithridates,
1355 1234 1441 1312 Rex

228 1335 231 1353 ⁴
315 1352 428 1426 Asiae
448 1352 585 1442 totius,
613 1355 765 1458 propter
781 1349 1014 1434 nobilitatem
1031 1353 1213 1452 Pergamo
1232 1349 1435 1449 parvulum

314 1459 444 1542 secum
478 1469 760 1578 absportaverat
786 1467 823 1538 in
851 1473 975 1550 castra
1009 1466 1222 1568 multosque
1258 1474 1438 1544 tenuerat

314 1611 452 1676 annos,
479 1587 623 1686 Regem
648 1584 803 1682 Bospori
830 1583 1046 1674 constituit,
1074 1585 1175 1690 quod
1192 1585 1261 1660 sub
1281 1586 1438 1684 imperio

314 1699 519 1776 Pharnacis
547 1699 689 1790 fuerat3
734 1698 1018 1806 provinciasque
1053 1698 1187 1813 Populi
1222 1702 1381 1775 Romani
1409 1726 1433 1774 a

314 1813 485 1892 barbaris
512 1821 624 1921 atqua
641 1813 801 1892 inimicis
827 1815 1012 1917 Regibus,
1040 1817 1262 1914 interposito
1289 1818 1438 1890 amicis-

319 1932 414 2004 simo
441 1933 562 2032 Rege,
595 1931 770 2012 munivit.
835 1931 967 2018 Eidem
1001 1933 1264 2034 Tetrarchiam
1292 1932 1436 2031 legibus

317 2049 648 2149 Gallograecorum
663 2049 742 2125 iure
756 2049 877 2154 gentis
887 2053 924 2121 et
939 2051 1172 2150 cognationis
1187 2050 1434 2140 adiudicavit,

314 2170 541 2261 occupatam
554 2170 592 2238 et
605 2187 809 2260 possessam
830 2165 957 2262 paucis
978 2169 1065 2238 ante
1081 2169 1222 2245 annisa
1240 2168 1435 2252 Deiotaro.

315 2279 449 2378 Neque
487 2286 614 2354 tamen
647 2303 806 2382 usquam
837 2279 976 2355 diutius
1008 2290 1176 2363 moratus
1208 2291 1284 2376 est,
1319 2310 1434 2383 quam

293 2491 295 2496 ,
315 2396 514 2471 necessitas
534 2394 763 2476 urbanarum
780 2393 1006 2483 seditionum
1022 2400 1103 2496 pati
1122 2397 1332 2480 videbatur.
1359 2403 1432 2474 Re-

908 2708 935 2769 p.
947 2701 1006 2751 625.
1029 2699 1084 2754 Sed
1094 2702 1119 2755 si
1134 2701 1258 2758 Deiotaro
1271 2723 1357 2776 neque
1370 2705 1433 2778 legi·

907 2779 974 2844 bus‘,
998 2801 1081 2855 neque
1100 2785 1220 2849 moribus
1237 2805 1357 2842 mutasse
1380 2790 1433 2844 nit

908 2864 941 2926 (c.
960 2864 1016 2926 67):
1039 2865 1136 2932 poterit
1147 2863 1200 2921 dici
1215 2866 1315 2936 legibus
1327 2869 1433 2928 ,titudi-

851 2939 856 2946 '
908 2951 963 2994 cata
976 2941 1031 2996 alii.
1043 2944 1087 2996 M.

941 3040 997 3088 iure
1010 3026 1098 3108 gantis
1109 3049 1136 3089 ot
1151 3044 1318 3108 cognationis.
1336 3039 1365 3094 Si
1381 3039 1433 3094 Ca·

315 2795 384 2848 quae
403 2775 598 2830 Proconsularis
619 2777 685 2830 Asis
703 2775 775 2828 dicta
795 2785 847 2840 nst,

318 2856 456 2906 Cellnrius.

352 2971 489 3025 distribuit.
502 2967 559 3022 Alii
568 2971 699 3040 disposuit.

226 3073 230 3082 Ι
284 3133 285 3139 ,
351 3108 368 3140 a
390 3107 441 3157 quo
465 3117 498 3130 -
521 3094 673 3157 scripsimus.
704 3089 760 3156 lilii
784 3110 843 3162 quo.

318 3171 388 3240 qnod
421 3179 491 3223 otest
502 3171 618 3224 admitti.
644 3173 676 3226 V.
694 3173 798 3228 Cortius
810 3175 844 3230 ad

317 3249 383 3306 sut.
396 3189 452 3322 dig.
467 3269 508 3307 ιι.

350 3373 503 3438 scripsimus·
515 3389 538 3423 c.
552 3375 592 3426 26.
602 3372 641 3426 M.

352 3474 476 3542 Bospori,
495 3485 607 3544 tractus,
627 3479 673 3549 qni
686 3497 764 3550 supra
774 3479 845 3535 Pon·

317 3559 375 3613 tum
388 3552 547 3610 Euxinuma
565 3556 681 3628 Bosporo
698 3558 841 3613 Cimmerio

316 3631 352 3686 ad
377 3631 489 3685 Colchos
511 3639 641 3703 excurrit,
669 3648 696 3692 ct
724 3641 842 3709 Regnum

316 3712 497 3783 Bosporanum
508 3727 625 3779 vocatur,
637 3738 717 3790 quem
729 3721 843 3774 Pharna-

317 3813 360 3848 ces
372 3793 497 3849 beneficio
512 3797 642 3868 Pompeii,
655 3803 724 3854 victo
739 3803 843 3858 Mithri-

315 3869 378 3927 dane
386 3882 471 3944 petre,
483 3887 623 3946 aoeeperat.
635 3879 773 3933 Cellariue.
786 3885 839 3954 Ap·
855 3913 857 3926 ·

316 3953 386 4035 piau.
401 3953 567 4024 B.ll1itlrr.c.
583 3970 636 4026 ιιι.
649 3951 675 4034 p
689 3969 750 4036 251.
759 3967 802 4019 M.

350 4074 418 4138 quod
428 4075 580 4144 (Regnum)
576 4083 645 4140 sub'
636 4101 722 4154 imper.
736 4085 779 4136 M.

350 4187 402 4258 (leg
402 4191 475 4252 ι’.ὂιιι)
498 4195 555 4247 Hoc
567 4196 693 4260 verbum
685 4209 841 4271 interpretes

315 4268 461 4331 delendum
478 4287 598 4344 censent,
615 4281 772 4353 inclusitque
792 4304 841 4336 un·

317 4350 355 4412 cis
368 4351 421 4404 inm
434 4354 482 4416 Cas
484 4355 647 4460 aulrouusad
663 4362 840 4424 Strabon13.

907 3114 1044 3170 sanbouus
1059 3115 1078 3168 l.
1095 3118 1121 3172 cl.
1139 3134 1230 3173 tanim
1248 3119 1331 3186 vidit,
1348 3126 1447 3182 mater'

906 3191 1070 3248 Mithridatis
1088 3196 1164 3250 huius
1181 3198 1233 3250 tuit
1249 3197 1305 3250 filie
1320 3200 1400 3252 nnius
1418 3220 1433 3252 c

906 3274 1057 3330 Tetrarchis
1069 3277 1180 3340 Galliae.
1193 3280 1270 3346 Cous.
1284 3282 1434 3334 victorium

905 3373 960 3416 vor,
974 3355 1032 3411 lect.
1046 3355 1070 3408 3.
1088 3357 1130 3410 23.
1147 3361 1186 3419 M.
1203 3359 1326 3420 Oudend.
1345 3363 1434 3418 forsan

905 3441 962 3490 ture
975 3445 1059 3508 gentis
1076 3454 1102 3492 et
1119 3441 1212 3513 legibus
1228 3448 1394 3514 cognationis.

940 3558 1087 3614 occupatam
1114 3559 1140 3598 ct
1163 3565 1317 3617 possessam,
1354 3548 1433 3600 Haud

905 3620 984 3675 dubie
1001 3625 1054 3677 tuit
1070 3645 1099 3679 ce
1116 3644 1198 3697 pars,
1220 3646 1299 3696 quam
1315 3646 1371 3698 cap.
1389 3631 1432 3691 67·

906 3708 985 3760 ceteri
1002 3707 1157 3766 Tetrarchae
1169 3710 1258 3780 questi
1271 3721 1336 3762 suut
1353 3711 1433 3764 Deio·

905 3795 977 3847 taro,
988 3807 1071 3860 neque
1082 3788 1197 3857 legibus,
1206 3811 1290 3862 neque
1303 3793 1434 3856 moribus,

903 3883 1052 3920 concessam
1063 3885 1126 3920 esse.
1145 3867 1235 3923 Unam
1251 3872 1359 3942 quidem
1370 3892 1430 3943 par·

905 3955 960 4002 tem
981 3947 1174 4016 Gallograeciae
1192 3959 1301 4022 paterno
1319 3953 1374 4004 iure
1391 3962 1432 4006 te·

904 4023 986 4079 nebat
996 4025 1143 4088 Deiotarus.
1157 4029 1211 4080 vid.
1224 4029 1319 4085 Strabo
1336 4051 1361 4102 p.
1372 4037 1429 4098 547.

904 4105 1005 4158 Locum
1022 4105 1077 4159 Cic.
1096 4107 1127 4161 de
1147 4107 1238 4160 Diviu.
1257 4127 1291 4171 2,
1321 4109 1362 4176 37
1380 4111 1431 4164 Ca-

904 4185 1060 4240 sauhonus'
1052 4207 1104 4242 ram
1121 4191 1243 4244 contulit.
1261 4193 1303 4244 M.

903 4290 1029 4434 Murhan.
1052 4291 1211 4352 seditionum
1237 4293 1315 4355 Cous.
1340 4316 1361 4349 c.
1387 4301 1428 4354 65¹
