3024 5326
404 315 407 321 ⁵
490 352 770 426 urrunnun.

100 558 150 604 ter
173 550 254 604 iacnt
277 553 325 616 aet
380 549 461 602 tiator
483 548 594 620 aliquid.

102 618 168 670 Nisi
185 631 327 686 ‹recuputum
344 567 407 667 bil.
421 615 597 669 001ἰο00εο00-

103 695 228 754 neptum,
245 693 377 759 arreptum
395 701 410 734 0
428 685 480 735 sois
498 685 596 736 intelli·

103 772 181 819 gere,
199 770 250 822 qno
267 770 308 804 sur
327 751 408 820 potiti
425 760 487 802 snut

65 817 227 876 Oreioi-ere,
253 817 370 871 celeriter
387 816 490 877 edesse,
515 815 596 870 advo·

11 905 12 908 ¹
103 886 160 936 lare
187 885 220 945 3,
245 893 269 949 4.
288 899 320 947 7,
346 895 386 947 04.
404 887 532 951 suppetias
549 886 594 938 Af.

43 951 51 967 ¹
99 955 148 1002 et.
166 954 255 1012 rebur,
278 969 339 1003 casn
359 953 385 1001 in
404 969 447 1002 ear
464 949 592 1010 incidere,

102 1020 193 1088 iisqne
202 1019 313 1136 ufigotiis
323 1018 464 1084 improviso
473 1017 598 1086 impediri

102 1089 139 1145 3,
162 1089 188 1134 6.
241 1104 283 1137 rnc
306 1102 436 1136 occurrere
459 1085 540 1143 betto,
565 1103 596 1136 eo

102 1151 241 1220 implicari
266 1163 299 1216 4,
321 1154 349 1202 t.
373 1155 482 1201 ocuti-rit
507 1153 537 1200 iis
561 1153 596 1202 art

101 1225 231 1280 uitiorum,
255 1218 327 1282 cubit
344 1237 388 1270 eos
403 1217 541 1282 cogitatio,
566 1218 595 1270 in

103 1288 226 1337 animum
244 1285 276 1336 iis
294 1285 365 1336 venit
383 1300 410 1350 7,
429 1287 461 1336 85

65 1351 200 1404 Oceanus.
218 1353 252 1406 cl'.
270 1371 340 1404 mare

66 1420 224 1488 Offirndere,
241 1438 295 1470 non
310 1435 430 1487 prospere
442 1435 496 1468 rem
510 1431 595 1482 gerere

104 1489 135 1539 C.
154 1491 185 1546 3,
205 1503 245 1544 70.
263 1485 417 1558 ffudt'tnr,
434 1483 530 1535 incidit
547 1483 595 1536 uli·

104 1552 169 1624 quid
188 1553 291 1604 adversi
308 1553 339 1616 6,
364 1549 405 1602 36.
423 1549 550 1618 offiodere
567 1553 595 1602 itt

102 1623 195 1690 aliquio
213 1621 242 1672 C.
263 1638 294 1679 2,
311 1617 343 1668 30
361 1632 364 1642 ·

66 1687 202 1758 Offensio,
221 1687 352 1738 innuitur
369 1701 516 1740 successus,
533 1701 595 1736 cun·

103 1764 144 1806 tra
162 1763 245 1824 qnam'
262 1767 456 1821 speraveramus
469 1752 499 1802 C·
511 1753 539 1809 8,
553 1759 594 1814 47.

102 1822 198 1874 odium
204 1859 213 1882 ,
230 1821 257 1872 in
276 1838 327 1889 qno
343 1817 403 1888 quis
415 1825 455 1868 ert
466 1817 496 1868 C.
510 1815 539 1876 3,
553 1820 595 1868 60.

104 1891 140 1940 A.
158 1892 201 1952 48.
218 1886 324 1956 qffeouo
342 1887 422 1934 artiori
442 1900 468 1944 t,
489 1902 517 1951 ¹9

116 1973 189 2016 erre,
202 1955 262 2026 sors
279 1952 354 2022 offert
373 1969 400 2009 2,
419 1967 448 2002 21

84 2021 182 2088 fficere
206 2023 362 2080 tenuerunt,
386 2035 444 2070 enm
462 2015 589 2088 impedire

103 2089 150 2143 Al,
168 2091 201 2138 60

66 2155 191 2221 Offe'um
218 2157 376 2205 maritimum
386 2190 407 2222 ¹.
419 2168 481 2202 cura
511 2153 593 2204 totius

100 2223 194 2274 clas-is
211 2224 241 2274 C.
261 2221 290 2282 3,
308 2225 331 2270 5.
349 2219 415 2270 Este
427 2221 454 2268 in
466 2215 549 2282 officio
563 2223 589 2277 5,

103 2288 128 2340 3.
145 2291 297 2358 permanere
313 2289 340 2336 io
357 2283 449 2351 qffioio.
462 2284 513 2336 sed
524 2284 590 2350 qffie.

99 2369 239 2424 praestare
255 2355 285 2415 8,
304 2358 344 2404 50.
356 2361 407 2412 eet,
427 2351 592 2429 Gijullt'gl'eit

101 2442 234 2474 erwezreu.
254 2422 299 2474 sic
316 2421 347 2474 Α.
367 2435 407 2482 70.
426 2419 540 2470 ollrciurn
552 2426 592 2469 est

99 2490 271 2558 gratificatio,
282 2486 357 2538 'uude
375 2484 472 2536 ibidem
491 2502 506 2532 o
527 2489 590 2535 toio-

101 2577 159 2617 sus,
179 2559 226 2628 qui
245 2555 319 2606 alteri
335 2561 435 2622 gratum
455 2551 519 2603 fucit

68 2623 196 2676 Ooutte're
213 2624 318 2674 ulterius
335 2620 482 2680 consilium,
506 2610 590 2686 negli-

100 2711 174 2758 gere,
193 2711 224 2740 eo
242 2709 294 2740 000
312 2689 352 2739 uti
370 2703 398 2746 2,
420 2700 448 2750 17

66 2757 182 2808 Omnino
200 2759 241 2822 (si
259 2771 366 2808 omnem
377 2768 505 2804 summam
519 2768 589 2804 cont·

98 2825 196 2894 putes)
214 2843 277 2875 unus
294 2845 323 2888 r,
341 2836 364 2884 7.
383 2821 485 2869 nomino
496 2819 546 2868 duo
563 2835 588 2882 ι,

98 2895 123 2942 6.
142 2891 189 2944 sed
207 2901 235 2956 4,
256 2893 296 2944 58.
314 2892 415 2940 omuino
433 2889 499 2935 eticae
514 2894 586 2947 sunt,

98 2977 131 3010 ex
150 2959 224 3009 omni
243 2975 349 3010 numero
368 2962 471 3004 tantum
489 2953 555 3004 dune

66 3026 139 3078 Oruu
156 3030 244 3082 nouit,
262 3026 333 3076 naris
352 3027 489 3090 permagna
507 3018 539 3080 3,
558 3017 588 3070 ι3

67 3094 161 3158 Opima
179 3111 257 3142 coena
274 3087 307 3142 ll.
325 3089 359 3144 33

67 3160 293 3228 opportunitates,
321 3160 389 3218 nitur
412 3163 586 3222 opportunus,

97 3227 234 3278 commoda
244 3243 301 3278 curn
310 3225 361 3276 situ
371 3224 507 3276 coniuncto
517 3219 544 3278 3,
560 3235 587 3270 12

46 3293 154 3362 Opus,
171 3292 317 3344 uedilirntio
339 3289 370 3350 3,
393 3288 417 3340 3.
439 3287 587 3356 opificium,

100 3367 177 3428 ipyeu,
196 3370 226 3410 nt
244 3360 361 3412 Minerva
378 3347 477 3426 Ἐργάνη,
492 3353 587 3408 dicitur

98 3431 134 3493 6,
154 3443 192 3489 17.
212 3428 325 3477 munitio
342 3435 485 3476 cnstrornnr
503 3437 527 3478 ι,
546 3430 585 3484 49.

98 3513 191 3552 murus
208 3504 234 3546 et
251 3494 319 3545 fossa
337 3491 414 3543 docta
436 3505 459 3546 1,
478 3490 501 3538 8.
518 3486 587 3537 Hinc

98 3579 195 3628 opera,
220 3559 422 3614 circumvallatio
448 3557 473 3610 8,
501 3559 587 3628 4⁰2&

98 3646 178 3696 operu
203 3631 398 3684 administrare,
423 3622 511 3674 urbem
535 3637 586 3670 cir-

99 3694 255 3752 cumvallare
275 3697 301 3751 8,
320 3691 361 3756 37.
378 3689 472 3761 opc'ra,
489 3705 533 3764 005Υ
545 3703 586 3753 ge-

98 3771 156 3814 etae
178 3763 208 3812 C·
234 3780 258 3824 ι,
284 3759 324 3812 30.
343 3760 374 3812 Η.
393 3767 433 3814 31.
451 3754 585 3809 machinae

99 3829 337 3900 oppugnandarum
362 3825 465 3884 rubium
492 3837 521 3885 2,
549 3835 585 3873 it·

99 3897 135 3956 et.
152 3897 235 3953 tator.
577 3893 587 3906 “

68 3964 139 4023 Opus
156 3977 194 4014 ert
203 3968 294 4032 jacere
310 3961 409 4030 aliquid
426 3975 458 4023 7,
480 3963 510 4022 54

68 4032 156 4082 Orare
166 4025 220 4086 utin
232 4031 333 4098 aliquo,
354 4047 399 4099 per
409 4044 499 4108 preces
513 4041 585 4090 agere

102 4117 164 4150 0000ι
179 4117 225 4158 eu,
243 4116 301 4149 enm
319 4115 415 4167 precari
434 4095 463 4144 C.
484 4109 515 4158 t,
537 4107 568 4142 00

68 4165 146 4216 Orbis
176 4167 203 4216 in
232 4163 331 4234 proelio
359 4165 402 4216 As.
435 4166 471 4222 15.
501 4159 586 4208 ortem

91 4233 196 4310 ficiunt
215 4240 246 4296 4,
267 4231 307 4295 37.
325 4242 368 4283 aut
385 4235 411 4282 iu
428 4230 512 4278 ortem
528 4243 586 4277 con·

100 4304 194 4354 sistunt
217 4305 249 4359 5,
272 4297 311 4350 33.
333 4308 378 4350 aut
399 4297 585 4362 0001300000-

97 4383 182 4442 grant
197 4369 228 4422 A.
248 4378 288 4435 40.
306 4367 369 4444 qui,
390 4363 436 4420 ubi
453 4360 486 4416 ab
504 4358 585 4416 bosti-

1085 325 1173 450 307

695 551 744 602 bur
771 550 853 604 cincti
885 557 965 615 runt,
999 553 1031 604 iia
1064 571 1180 626 quaque·

695 636 796 670 versum
827 619 938 670 frontem
964 618 1121 688 obvertunt,
1150 629 1181 675 ut

695 703 727 736 ex
755 684 876 736 omnibus
905 685 1024 755 partibus
1053 697 1180 756 pugnent.

695 752 831 802 Interdum
858 754 895 803 sic
919 754 946 803 in
972 753 1060 804 orbern
1099 774 1183 820 iugite-

695 817 780 876 bant,
804 827 834 869 ut
856 839 905 870 una
923 817 1015 870 cohors
1033 839 1081 890 pun
1096 821 1182 873 lulum
1204 864 1207 872 ,

691 897 855 954 procurreret
877 883 1000 938 adversus
1023 885 1124 938 nonem
1145 893 1181 954 5,

696 951 736 1017 34.
755 954 809 1004 sive
826 955 955 1002 excederet
971 972 1004 1003 er
1020 955 1079 1004 orbe
1098 961 1125 1015 5,
1148 955 1180 1006 35

663 1019 822 1080 Ordinatur,
836 1016 971 1071 ordinibus
989 1021 1124 1073 instructis
1136 1022 1181 1074 At.

700 1103 729 1137 12

662 1151 757 1218 Ordo,
778 1153 896 1204 centuria
916 1169 948 1210 r,
972 1163 1012 1217 40.
1031 1163 1072 1218 40.
1090 1153 1120 1205 C.
1147 1171 1182 1217 r,

698 1219 735 1270 ι3.
760 1238 795 1280 2,
817 1226 857 1272 28·
885 1219 951 1272 Hinc
977 1226 1079 1273 ordiner
1103 1225 1181 1287 priori

696 1291 730 1346 5,
749 1287 788 1338 08.
806 1296 847 1350 44.
864 1286 996 1338 centuriae
1015 1289 1112 1356 primae
1132 1288 1182 1342 nli-

693 1355 767 1404 cuius
779 1353 900 1420 legionis:
920 1361 948 1404 et
959 1354 1106 1423 infimiores,
1123 1356 1182 1426 qui-

694 1417 743 1472 bus
760 1419 859 1470 liouerti
876 1429 1051 1490 opponuntur.
1070 1419 1111 1472 Cs.
1129 1441 1181 1472 arn·

690 1487 768 1556 plius.
791 1488 854 1554 Spes
868 1491 964 1538 orutinr'r
976 1487 1039 1538 olim
1053 1485 1176 1548 docendi,

695 1554 756 1605 fucit
774 1554 806 1604 iis
823 1571 911 1622 spem,
931 1553 984 1605 fore
1002 1561 1032 1606 ut
1048 1553 1134 1606 ordini
1156 1575 1179 1607 s.

694 1621 826 1672 centuriae
847 1619 1029 1690 praeficiantur
1051 1624 1079 1672 C.
1109 1639 1135 1682 ι,
1154 1622 1179 1674 3.

692 1687 745 1738 sed
773 1691 806 1744 5,
832 1686 873 1740 30.
898 1691 929 1748 6,
958 1703 980 1750 7.
999 1689 1062 1738 ordo
1082 1695 1179 1755 primus

692 1763 733 1804 est
756 1773 800 1823 per
822 1758 1028 1824 metonymiam,
1052 1754 1180 1808 Centurio

692 1821 785 1890 primis
802 1820 911 1874 ordinis.
944 1822 1040 1874 Rursus
1057 1823 1178 1882 ordiner,

693 1889 770 1938 series
790 1887 904 1944 militnm
924 1889 950 1940 in
968 1889 1022 1941 ucie
1041 1901 1075 1951 4,
1094 1887 1134 1939 33.
1152 1897 1180 1941 et

690 1959 768 2022 priori
791 1957 914 2015 ordiner,
938 1958 983 2024 qui
1012 1959 1126 2024 primum
1150 1957 1178 2010 in

692 2025 746 2072 acie
775 2019 860 2074 locum
889 2031 1030 2089 occupant·
1067 2023 1177 2075 Ordines

692 2091 814 2152 (struto)
831 2093 949 2154 erepitnm
968 2093 1058 2150 5„51.
1076 2091 1178 2142 ordines
1218 2101 1221 2108 ’

691 2158 814 2218 (stratu)
831 2159 939 2205 cratium
957 2157 987 2205 C.
1001 2171 1036 2216 0,
1055 2171 1070 2204 0

659 2219 751 2282 Ortrt,
776 2221 869 2289 Beigoe
889 2225 1007 2270 oriuntur
1031 2221 1063 2270 ab
1087 2233 1176 2272 entre·

691 2293 739 2404 grip
761 2287 855 2358 finibus
879 2287 913 2341 G.
942 2286 981 2338 ibi
1005 2295 1045 2340 est
1070 2289 1176 2342 initium

711 2377 723 2403 e
742 2374 789 2406 une
811 2372 819 2404 t
831 2395 838 2414 ,
860 2373 868 2404 1

657 2375 818 2472 00003000ιο
835 2421 1043 2492 elephantorum,
1066 2419 1175 2488 adpone»

691 2497 733 2538 tos
758 2489 862 2544 (imnis.
889 2507 940 2558 quo
966 2489 1068 2539 instrui.
1088 2488 1174 2542 solent
1268 2494 1271 2510 ¹

688 2556 732 2607 At.
750 2558 790 2608 86.
809 2555 910 2608 ibidem
928 2568 1035 2606 ornatur
1052 2555 1172 2624 elephan-

688 2635 728 2672 itt!

654 2688 759 2740 Ornare
783 2692 896 2758 equites,
925 2689 1050 2740 instruere
1078 2687 1170 2750 rebus,

686 2756 719 2808 nd
732 2766 875 2825 equestrem
885 2756 1007 2807 militiam
1022 2757 1171 2809 necessariis

685 2823 719 2876 Α.
736 2829 775 2874 50.
795 2821 872 2876 Unde
889 2835 982 2874 oruata
999 2825 1069 2875 ontni
1077 2838 1171 2892 genere

685 2908 816 2944 armorum
834 2893 905 2942 navit
921 2889 949 2947 3,
972 2897 999 2954 14

653 2955 806 3080 Οειοικὲειτ,
827 2955 971 3027 significare
992 2977 1021 3018 r,
1039 2957 1062 3010 8.
1084 2974 1121 3028 ¹9·
1138 2955 1170 3012 C.

690 3041 716 3084 ¹·

653 3090 790 3142 Ostentare
806 3091 916 3160 aliquem
935 3097 962 3148 5,
981 3100 1011 3156 41

653 3159 795 3210 Ostiarium
812 3159 842 3211 C.
860 3159 895 3218 3,
913 3157 946 3210 30

653 3224 755 3284 Otium,
773 3243 836 3295 part.
850 3221 1032 3292 tranquitliui.
1043 3225 1078 3276 ad
1089 3223 1169 3276 otium

682 3291 776 3361 profici
802 3307 834 3353 7,
862 3293 902 3342 66.
926 3289 960 3339 ud
982 3291 1060 3338 otium
1082 3294 1169 3344 derina

685 3358 715 3410 C.
736 3374 764 3418 1,
782 3361 805 3406 t.
817 3360 970 3407 iiiuturiu'tae
981 3357 1028 3404 otii
1044 3356 1074 3408 C.
1094 3377 1122 3417 0,
1135 3357 1168 3409 36

895 3520 978 3610 R,

652 3687 790 3752 Pabulum,
808 3689 932 3744 alimenta
950 3689 1125 3742 iumentorum
1140 3707 1165 3750 r,

688 3765 724 3810 rt.
754 3760 821 3815 Hinc
847 3759 985 3824 patraturi,
1019 3762 1167 3826 conquirere

683 3826 799 3942 patulum
821 3842 851 3886 r,
878 3827 970 3910 15318,
996 3839 1032 3876 ιο.
1050 3833 1077 3876 et
1090 3827 1167 3892 pultu-

651 3906 779 4017 Paiiiiis,
801 3966 902 4012 coactus
925 3974 1016 4026 pacem
1037 3955 1118 4009 iacere
1140 3966 1166 4013 et

684 4043 802 4110 seruere,
823 4033 850 4078 et
870 4024 1002 4101 quiescere¹
1026 4039 1059 4089 r,
1085 4025 1107 4074 6.
1133 4038 1166 4092 2¹,

651 4110 837 4228 Pdgnr,pars
862 4155 975 4210 civitatis
1003 4171 1029 4216 r,
1061 4172 1099 4205 12.
1124 4155 1166 4220 37.

684 4229 718 4286 6,
747 4241 784 4278 tt.
809 4223 843 4276 Et
869 4240 898 4287 1,
923 4241 960 4274 12·
986 4233 1166 4290 permutentur

684 4291 795 4344 invicem
811 4309 890 4359 pagus
908 4287 1052 4340 Helveticae
1070 4305 1092 4339 et
1103 4307 1172 4357 paro

684 4362 792 4413 ciuitatis
810 4357 961 4413 Hetneu'oue.
979 4355 1165 4433 Metnphraetet
