3044 5316
302 367 362 464 32
487 401 527 463 n.
562 400 703 462 runrn
738 403 793 462 nn
829 402 964 464 nunno
1000 399 1218 465 annxxuu.

348 601 412 679 31.
429 602 586 696 Caesar,
612 629 731 704 quum
756 605 921 697 videret,
946 605 1084 680 milites
1105 606 1228 680 acrius
1245 601 1423 704 proeliari

249 755 251 760 ·
299 705 375 792 non
401 741 535 818 posse,
562 744 631 794 nec
658 727 787 794 tamen
814 721 979 796 multum
1007 720 1135 820 profici
1171 725 1327 818 propter
1359 705 1436 790 lo?

197 927 200 932 Ι
300 859 431 910 corum
460 831 744 911 difficultatem:
772 861 965 936 quumque
992 837 1160 909 animum
1186 837 1424 927 adverteret,

299 949 593 1026 excelsissimum
629 951 762 1026 locum
788 958 1000 1026 castrorum
1040 949 1215 1024 relictum
1255 973 1335 1022 esse
1372 947 1420 1020 ab

299 1063 584 1156 Alexandrinis,
608 1064 712 1164 quod
731 1072 771 1140 et
791 1091 858 1166 per
883 1092 922 1140 se
947 1067 1120 1138 munitus
1137 1070 1254 1155 esset,
1279 1070 1328 1152 et
1345 1069 1425 1136 stu·

298 1182 363 1257 dio
389 1185 529 1284 partim
555 1183 766 1284 pugnandi,
793 1184 930 1282 partim
954 1180 1425 1281 spectandi,decucurris⁶

300 1301 449 1375 sentin
485 1324 573 1373 eum
607 1299 762 1385 locum,
788 1301 827 1372 in
853 1323 929 1398 quo
956 1297 1224 1399 pugnabatur;
1249 1299 1425 1373 cohortes

299 1413 366 1490 illo
384 1415 543 1492 circuire
561 1421 685 1488 castra
704 1421 743 1488 et
760 1437 951 1488 summum
974 1411 1101 1486 locum
1120 1411 1273 1512 adgredi
1292 1413 1427 1502 iussit,

299 1532 418 1630 iisque
444 1529 687 1607 Carfulenum
721 1529 929 1630 praefecit,
955 1533 995 1602 et
1021 1529 1134 1602 animi
1163 1529 1423 1631 magnitudine

301 1651 343 1719 et
368 1646 422 1720 rei
448 1645 621 1720 militaris
645 1644 802 1739 scientia
825 1643 950 1716 virum
978 1649 1244 1744 praestantem.
1270 1647 1355 1738 Quo
1382 1651 1426 1717 ut

301 1766 461 1836 ventum
488 1767 566 1851 est,
591 1760 720 1860 paucis
747 1757 1033 1832 defendentibus
1060 1745 1333 1850 munitionem,
1359 1785 1426 1832 no·

301 1875 388 1948 stris
415 1881 549 1950 contra
574 1873 758 1952 militibus
776 1868 958 1948 acerrime
976 1871 1254 1974 pugnantibus,
1273 1873 1422 1946 diverso

303 1987 469 2063 clamore
495 1997 533 2064 et
559 1988 700 2089 proelio
727 1990 916 2089 perterriti
935 1987 1204 2078 Alexandrini,
1228 1987 1422 2088 trepidan-

302 2112 360 2182 tes
386 2109 424 2182 in
453 2131 583 2182 omnes
604 2113 731 2208 partes
749 2111 962 2182 castrorum
981 2104 1188 2180 discurrere
1207 2109 1426 2206 coeperunt·

304 2224 477 2316 Quorum
505 2221 787 2322 perturbatione
820 2227 1036 2296 nostrorum
1072 2221 1186 2295 animi
1214 2219 1308 2294 adeo
1334 2225 1424 2294 sunt

304 2335 471 2428 incitati,
496 2342 542 2410 ut
567 2360 684 2437 paene
710 2338 842 2411 eodem
870 2341 1041 2436 tempore
1067 2359 1115 2410 ex
1140 2333 1314 2408 omnibus
1339 2356 1423 2434 par·

302 2455 435 2548 tibus,
460 2450 573 2556 primi
611 2459 739 2528 tamen
771 2453 1018 2529 editissimum
1053 2452 1181 2528 losum
1216 2460 1427 2527 castrorum

304 2576 505 2670 caperent,
532 2592 580 2644 ex
597 2593 673 2666 quo
691 2567 931 2644 decurrentes
950 2593 1125 2670 magnam
1144 2566 1427 2656 multitudinem

303 2683 471 2758 hostium
484 2685 524 2758 in
538 2684 670 2758 castris
687 2683 971 2759 interfecerunt.
998 2682 1109 2776 Quod
1129 2659 1337 2782 pericdlum
1353 2679 1429 2782 ple

304 2800 414 2898 rique
439 2799 681 2876 Alexandrini
707 2798 915 2899 fugientes,
946 2801 1153 2875 acervatim
1187 2826 1225 2875 se
1254 2801 1300 2874 de
1326 2798 1427 2873 vallo

304 2913 650 3014 praecipitaverunt
662 2913 701 2987 in
716 2939 799 2988 eam
814 2921 978 3015 partem,
999 2940 1094 3016 quae
1109 2913 1254 2990 flumini
1269 2922 1351 3002 erat
1365 2913 1428 2988 ad-

304 3028 450 3104 iuncta.
472 3029 618 3102 Horum
635 3029 765 3128 primis
782 3031 822 3104 in
840 3031 920 3130 ipsa
938 3031 1036 3119 fossa
1053 3031 1273 3106 munitionis
1291 3055 1428 3133 magna

305 3141 416 3216 ruina
443 3141 646 3243 obpressis,
675 3145 790 3218 ceteri
818 3144 1022 3220 faciliorem
1051 3145 1179 3247 fugam
1203 3147 1430 3220 habuerunt.

306 3261 464 3334 Constat
481 3257 619 3358 fugisse
634 3281 682 3330 ex
698 3260 831 3334 castris
847 3261 990 3360 Regem
1007 3261 1144 3358 ipsum,
1159 3267 1431 3362 receptumque

194 3446 197 3450 .
305 3376 344 3450 in
371 3399 530 3467 navem,
554 3373 798 3450 multitudine
815 3400 965 3466 eorum,
992 3378 1055 3474 qui
1082 3376 1129 3450 ad
1154 3381 1345 3477 proximas
1361 3405 1431 3454 na-

224 3512 229 3518 ·
307 3512 374 3561 ves
399 3487 650 3582 adnatabant,
677 3491 846 3566 demerso
872 3491 1046 3591 navigio,
1071 3494 1234 3593 periisse.

358 3591 421 3680 3⁴2.
464 3607 521 3680 Re
563 3605 773 3682 felicissime
815 3605 1083 3706 celerrimeque
1126 3616 1253 3710 gesta,
1296 3611 1433 3688 Caesar

288 3742 467 3820 ‘magnae
500 3719 683 3795 victoriae
717 3720 854 3795 fiducia
887 3723 1061 3822 proximo
1094 3726 1262 3798 terrestri
1297 3725 1431 3801 itinere

262 3927 264 3943 ¹
340 3923 468 3975 cohortes.
490 3923 606 3975 Patruus
623 3921 700 3977 addit
716 3935 777 3975 tres.
794 3923 836 3978 lu·
902 3925 1009 3978 Terent.
1027 3925 1071 3980 Ad
1088 3925 1104 3978 3
1116 3964 1126 3988 ,
1143 3942 1180 3986 a,
1208 3942 1249 3978 21.
1266 3927 1310 3980 Cf.
1328 3935 1355 3982 et
1371 3925 1447 3992 tir..

307 3993 359 4044 rin.
378 3992 466 4045 ioman
483 3991 592 4061 aliquot.
903 4002 919 4058 4
931 4031 939 4055 ,
957 3998 998 4058 46.
1368 4053 1370 4058 ι
1437 3993 1445 4006 “

619 4111 622 4121 ,
884 4075 888 4101 “·
936 4061 1028 4131 Regem
1055 4065 1137 4130 psum
1160 4089 1193 4100 -
1214 4064 1330 4130 periisse.
1359 4060 1432 4116 Flor.

343 4121 400 4174 Car
427 4122 520 4177 lenum.
548 4123 592 4179 sic
614 4125 691 4180 codd.
721 4133 748 4178 ct
775 4125 835 4180 edd.
903 4137 936 4192 4,
962 4145 977 4178 2
989 4161 999 4193 ,
1021 4131 1071 4178 60:
1100 4129 1176 4198 Regis
1194 4144 1289 4200 corpus
1306 4126 1431 4182 obrutum

308 4195 375 4242 vett.
416 4189 478 4260 ulgo
495 4191 674 4246 corennum.
692 4193 734 4247 cf.
754 4193 836 4248 Glau·
903 4195 969 4247 limo
992 4201 1126 4262 repertum
1142 4197 1228 4248 estin
1250 4215 1341 4248 aureae
1362 4195 1430 4250 lori-

309 4256 386 4327 dorp.
669 4299 682 4320 ,
902 4279 948 4316 coe
966 4261 1076 4314 honore«
1091 4290 1124 4302 -
1145 4263 1186 4315 Dc
1203 4263 1303 4332 proelio
1326 4263 1377 4318 boc
1394 4264 1430 4317 cfr

902 4329 956 4384 Dio
973 4327 1045 4382 Cass.
1063 4339 1113 4393 42,
1130 4329 1171 4396 43,
1189 4330 1228 4380 M.

342 4395 429 4444 ruina.
446 4391 527 4463 vulgo
538 4397 572 4446 νί.
583 4393 626 4448 Μ.
643 4393 668 4450 0
689 4397 749 4450 timi
759 4395 836 4450 codd.
936 4397 1107 4450 multitudine.
1134 4397 1274 4467 Perpetem
1291 4397 1336 4452 elii
1352 4415 1432 4468 pree·

309 4462 395 4516 rutna-
412 4459 446 4514 de
462 4479 513 4531 qua
531 4478 593 4518 voc·
608 4479 632 4521 r.
657 4413 781 4524 llonnus
800 4463 835 4518 ad
902 4465 1016 4518 mittunt
1031 4475 1065 4516 et.

565 4336 569 4349 l
