3044 5316
225 393 227 400 '
331 389 392 482 30
526 423 566 484 r.
599 419 741 484 urnru
775 423 831 487 ne
868 423 1004 487 saeuo
1039 401 1259 490 aterno.

378 653 439 730 29.
458 631 562 704 luter
586 636 712 706 castra
737 627 916 730 Regiret
941 629 1108 710 Caesaris
1134 628 1207 702 iter
1233 624 1372 706 flumen
1395 628 1449 714 in-

326 747 545 824 tercedebat
571 747 800 848 angustum,
834 746 1022 824 altissimis
1048 747 1162 845 ripis,
1189 744 1290 844 quod
1315 744 1354 818 in
1380 748 1447 823 Ni·

325 863 407 946 lum
432 860 799 950 induebateeberat
826 869 954 940 autern
982 862 1029 938 ab
1055 863 1168 961 Regis
1194 858 1328 942 castris
1346 858 1450 934 milia

325 1006 504 1082 passuum
523 983 674 1058 circiter
696 988 854 1082 septem·
894 983 978 1060 Rex
998 1005 1117 1079 quum
1137 980 1210 1054 hoc
1232 980 1366 1052 itinere
1386 1002 1450 1055 re-

310 1087 631 1184 niretsaesarem
658 1099 932 1198 comperisset,
964 1098 1177 1196 equitatum
1204 1121 1356 1173 omnem
1384 1119 1451 1172 ax-

324 1217 545 1317 peditosque
568 1215 734 1290 delectos
760 1213 905 1313 pedites
931 1213 1043 1290 adid
1069 1211 1209 1292 flumen
1233 1215 1360 1303 misit,
1386 1215 1452 1310 qui

267 1401 270 1406 .
324 1337 488 1408 transitu
522 1333 718 1422 Caesarem
753 1329 995 1430 prohiberent
1029 1337 1069 1406 et
1102 1333 1248 1412 eminus
1282 1355 1329 1412 ex
1354 1333 1450 1431 ripis

325 1448 510 1548 proelium
528 1448 636 1548 inpar
653 1446 792 1523 inirent
805 1473 820 1533 3,
844 1445 995 1528 nullum,
1010 1447 1109 1522 enim
1130 1469 1346 1546 processum
1373 1446 1455 1520 vir-
1481 1494 1485 1499 -

324 1571 389 1636 tus
416 1561 604 1653 habebat,
631 1569 700 1640 aot
726 1561 935 1662 periculum
961 1562 1114 1662 ignavia
1137 1560 1302 1645 subibat.
1347 1557 1454 1653 Quae

325 1705 386 1754 res
413 1679 581 1754 incendit
607 1678 734 1758 dolore
754 1677 891 1754 milites
910 1681 1128 1778 equitesque
1146 1685 1321 1768 nostros,
1348 1677 1453 1776 quod

326 1799 407 1869 tam
436 1793 501 1870 diu
527 1794 607 1892 pari
634 1794 776 1894 proelio
803 1817 889 1874 cum
923 1793 1187 1874 'Alexandrinis
1227 1801 1453 1869 certaretur.

326 1911 459 2010 Itaque
487 1912 620 1986 eodem
646 1918 817 2011 tempore
832 1913 976 2011 equites
995 1912 1199 2002 Germani,
1214 1911 1369 2012 dispersi
1388 1935 1456 1993 va·

327 2025 375 2098 da
403 2026 567 2100 fluminis
593 2035 842 2124 quaerentes,
877 2028 1015 2125 partim
1049 2027 1342 2116 demissioribus·
1362 2027 1456 2125 ripis

327 2137 467 2223 flueren
495 2149 766 2234 transnatent,
783 2149 823 2216 et
839 2141 1032 2243 legionarii
1047 2136 1065 2231 ,’
1086 2143 1231 2243 magnis
1257 2141 1454 2222 arboribus

327 2257 482 2343 excisis,
511 2281 606 2362 quae
632 2256 866 2359 longitudine
889 2265 1091 2356 utramque
1118 2259 1239 2355 ripam
1266 2258 1456 2356 continge·

326 2380 433 2459 rent,
459 2375 657 2470 proiectis,
684 2374 956 2476 repentinoque
980 2396 1115 2476 aggere
1134 2374 1295 2460 iniecto,
1313 2369 1455 2454 flumen

317 2486 574 2560 transierunt.
628 2490 801 2579 Quorum
840 2491 1009 2589 inpetum
1049 2487 1143 2566 adso
1176 2488 1456 2588 pertimuerunt

327 2601 475 2693 hostes,
502 2610 545 2678 ut
571 2604 609 2676 in
635 2604 725 2704 fuga
751 2629 854 2706 spem
876 2603 1007 2682 salutis
1024 2603 1296 2682 conlucerent:
1323 2601 1388 2678 sed
1414 2603 1457 2682 id

330 2720 497 2806 frustra3
520 2746 683 2818 namque
711 2746 757 2794 ex
784 2747 828 2798 ea
854 2721 941 2819 toga
970 2721 1154 2820 pauci-ad
1181 2723 1325 2824 Regem
1351 2720 1456 2794 refu-

327 2841 490 2938 gerunt,
519 2860 634 2931 pascue
662 2838 763 2908 omni
792 2833 936 2932 reliqua
962 2834 1204 2912 multitudine
1239 2833 1455 2916 interfecta.

378 2950 441 3028 30.
465 2951 627 3036 Caesar,
654 2977 695 3024 re
722 2953 1017 3050 praeclarissime
1044 2959 1177 3054 gesta,
1204 2976 1324 3052 quum
1350 2952 1458 3026 subi-

332 3074 417 3141 tum
445 3069 651 3142 adveutum
688 3093 798 3142 suurn
835 3069 1020 3146 iudicaret
1052 3088 1234 3168 maguum
1269 3077 1457 3146 terrorem

329 3185 593 3262 Alexandrinis
619 3187 877 3275 intactarum,
904 3187 1075 3285 protinus
1103 3190 1227 3262 vietor
1256 3187 1304 3262 ad
1331 3192 1459 3268 castra

327 3389 461 3451 cernebat,
473 3389 696 3454 exstendebatur)
709 3390 858 3444 editissimo

328 3457 386 3509 loco
416 3460 461 3520 (in
491 3476 596 3509 sarcinio
628 3459 780 3519 cacumine,
812 3477 859 3526 per

327 3543 462 3576 summum
480 3542 599 3576 cacumen
620 3524 693 3586 illius
708 3525 858 3576 excelsioris

326 3591 378 3646 loci
390 3596 414 3654 ),
445 3601 474 3641 ut
490 3591 555 3644 adeo
571 3601 676 3662 caperet
693 3601 794 3660 partem
813 3611 857 3644 ca-

327 3657 441 3714 strorum
455 3697 464 3720 ,
494 3669 523 3711 nt
548 3657 585 3709 ihi
611 3676 665 3709 esse
685 3668 772 3728 posset
797 3678 858 3728 pars

326 3736 480 3785 castrorum.
505 3726 538 3775 Et
560 3743 617 3794 cap.
642 3725 682 3776 3ο.
709 3729 739 3782 3¹
760 3735 858 3778 castro·

327 3813 386 3854 ,rum

327 3879 373 3912 uro
398 3813 460 3912 lbra
486 3863 575 3911 luisse.
604 3861 722 3920 Fortasse
748 3859 793 3914 hic
817 3871 857 3913 est

327 3942 440 3992 seusu53
469 3927 515 3978 sed
530 3927 596 3978 uolo
616 3927 765 3979 defendere.
802 3928 858 3987 Ad·

324 3989 440 4047 ‘scriltam
458 3994 566 4046 alteram
585 3993 738 4056 lectionem,
756 3996 857 4068 siquis

328 4081 358 4112 oa
377 4073 512 4114 moventur
529 4061 563 4114 ad
580 4063 778 4133 quaerendum:
808 4065 856 4114 att.

328 4129 368 4179 ed.
399 4129 454 4178 loeo
483 4130 584 4182 ductum
611 4134 639 4180 in
666 4142 743 4198 porte
778 4135 855 4181 costr.

326 4196 461 4252 obtirrebut.
481 4198 599 4250 Fortasse
617 4206 708 4248 auctor
726 4199 858 4266 potuisset

328 4262 460 4314 scribere:
491 4266 603 4315 aiterum
631 4265 771 4314 editissimo
800 4267 857 4313 ioco

327 4343 411 4452 1ιΛιιΙταηι
429 4342 529 4397 partem
550 4345 696 4384 castrorum
721 4332 857 4383 obtinebat.

329 4453 342 4462 ,.
366 4433 371 4444 “
389 4441 394 4458 r

326 4461 328 4466 ’
358 4463 489 4552 proelium
506 4468 598 4538 inpar,
611 4489 613 4493 ’
624 4466 653 4520 in
670 4483 722 4548 quo
740 4467 789 4540 qui
804 4467 859 4532 vir·

418 3813 458 3844 urs
470 3791 611 3872 aliquoties
628 3791 727 3845 dicitur
738 3793 767 3844 in
786 3813 857 3846 sunr-
887 3829 888 3834 ,

925 3397 983 3442 tute
1007 3397 1033 3441 et
1058 3391 1215 3444 fortitudine
1234 3391 1277 3446 uti
1293 3390 1370 3453 vult,
1397 3391 1459 3444 nul-

925 3456 965 3522 lps
987 3456 1036 3509 huc
1060 3478 1105 3510 sua
1129 3459 1228 3512 virture
1247 3478 1396 3530 pergressus
1414 3462 1460 3511 in-

910 3527 1011 3590 'sigues
1036 3527 1132 3587 facere,
1156 3537 1200 3580 aut
1218 3529 1316 3579 virtute
1338 3527 1459 3588 multum

925 3592 1025 3645 allicere
1051 3602 1157 3664 potest3
1188 3596 1236 3666 qui
1258 3613 1319 3646 vero
1342 3595 1458 3648 timidus

925 3668 952 3711 et
977 3665 1083 3729 ignavus
1100 3670 1161 3722 est,
1191 3659 1297 3714 nullum
1317 3672 1458 3730 propterea

926 3726 1055 3779 damnum
1074 3723 1171 3780 metuit
1188 3739 1233 3780 aut
1250 3731 1355 3799 accipit.
1373 3730 1413 3779 M.

956 3800 1017 3864 pari
1042 3796 1143 3866 proelio
1155 3834 1163 3858 ,
1204 3797 1262 3869 pari
1292 3798 1396 3848 fortuna
1430 3808 1458 3851 et

924 3872 1040 3924 eventu,
1069 3873 1098 3914 ut
1127 3873 1221 3926 neutro
1251 3863 1391 3918 inclinaret
1415 3867 1457 3918 vi-

924 3931 1014 3982 ctoria.
1033 3929 1076 3982 Μ.
1123 3979 1126 3986 Δ

955 4001 1062 4066 partim.
1084 3997 1145 4048 Non
1164 4015 1220 4056 raro
1238 3995 1320 4048 semel
1356 3998 1456 4050 osituru

924 4083 972 4116 nec
997 4067 1148 4139 repetitum.
1176 4057 1217 4116 Cf.
1244 4065 1299 4118 Cic.
1326 4015 1397 4117 tien.
1419 4082 1455 4128 2,

925 4136 965 4183 65.
982 4131 1017 4184 de
1043 4132 1103 4201 Lag.
1123 4149 1157 4190 2,
1186 4145 1225 4196 ¹7·
1247 4131 1312 4189 Sall,
1336 4133 1392 4184 Cat.
1414 4139 1457 4185 50.

924 4198 992 4252 Vide
1010 4207 1037 4250 et
1055 4200 1123 4250 infru
1141 4199 1186 4256 Af.
1204 4195 1245 4248 63.
1264 4199 1297 4252 Η.
1317 4197 1357 4264 34.
1377 4198 1418 4264 37.

955 4270 1082 4334 proiectis.
1106 4266 1168 4336 Lag.
1186 4277 1212 4316 et
1224 4270 1344 4332 proiectis
1362 4285 1375 4317 c
1397 4267 1456 4336 qui-

924 4331 1036 4386 busdam
1055 4333 1131 4385 codd.
1158 4333 1201 4385 M.
1230 4332 1292 4384 Non
1314 4353 1401 4408 opus,
1430 4336 1457 4399 si

924 4405 1014 4452 excisis
1031 4401 1157 4453 acliective
1176 4409 1300 4452 sumatur.
1395 4401 1397 4406 ’

960 4487 1059 4547 aggere.
1078 4467 1131 4524 vid·
1150 4465 1209 4534 lud.
1226 4468 1265 4522 M.
