3044 5316
514 175 525 216 t

439 365 521 429 cn.
554 364 649 428 cn.
686 351 862 464 47-49.
1145 351 1205 460 47

84 561 274 668 militibus
298 571 356 642 est
382 565 599 668 pollicitus,
638 591 708 640 nec
742 565 862 640 multo
890 571 1000 666 post,
1026 587 1144 664 quum
1170 567 1210 642 in

80 679 282 758 Lusitania
300 684 568 784 Medobregam
595 682 775 782 oppidum
794 689 1035 778 montemque
1054 683 1210 758 Hermi·-

79 801 195 872 uium
222 808 492 902 expugnasset,
517 823 594 898 quo
614 789 1209 900 Medobregenses'confugerant,

79 911 215 1010 ibique
228 915 436 1014 Imperator
450 923 547 988 esset
560 913 788 1014 adpellatus,
805 914 868 988 Hs
886 914 1052 987 centenis
1071 913 1209 990 milites

79 1027 260 1102 donavit.
300 1029 426 1132 Multa
448 1038 640 1130 praeterea
660 1035 699 1102 et
716 1053 852 1129 magna
872 1031 1038 1128 praemia
1055 1032 1209 1132 singulis

80 1145 343 1230 concedebat,
372 1171 467 1244 quae
503 1147 712 1245 speciosum
738 1137 957 1232 reddebant¹
972 1155 1208 1246 praesentem

78 1262 275 1334 exercitus
301 1284 491 1350 amorem,
508 1258 705 1359 paullatim
725 1267 852 1334 tamen
879 1267 920 1336 et
944 1259 1093 1334 occulte
1112 1261 1209 1338 mili·
1332 1299 1340 1308 ·

78 1357 476 1478 tareml'disciplinam
503 1377 819 1472 severitatemque
847 1374 1081 1448 minuebant.

137 1497 201 1586 49.
227 1490 399 1588 Cassius,
426 1489 636 1590 legionibus
661 1492 699 1562 in
727 1491 881 1564 hiberna
908 1491 1122 1588 dispositis,
1158 1489 1206 1564 ad

77 1593 143 1680 ius
173 1606 371 1706 dicendum
393 1607 610 1682 Cordubam
637 1631 675 1680 se
701 1609 864 1706 recepit,
891 1614 1207 1706 contractumque

6 1799 7 1822 χ
76 1725 122 1796 in
151 1748 197 1796 ea
222 1749 285 1801 aes
320 1723 482 1798 alienum
517 1724 745 1824 gravissimis
784 1724 958 1799 oneribus
990 1726 1219 1836 prouinciae¹

6 1825 7 1858 ³
77 1839 298 1942 constituit
319 1835 511 1912 exsolvere
537 1843 592 1928 et,
620 1845 663 1912 ut
689 1837 895 1938 largitionis
922 1839 1091 1938 postulat
1112 1852 1207 1914 coo·

81 1951 272 2042 suetudo,
296 1975 362 2050 per
401 1975 572 2025 caussam
606 1949 841 2028 liberalitatis
866 1955 1073 2052 speciosam
1101 1953 1208 2053 plura

78 2063 255 2166 largitori
281 2066 586 2164 quaerebantur,
611 2067 791 2166 pecuniae
810 2066 1059 2168 locupletibus
1084 2067 1207 2168 impe-

81 2182 297 2266 rabantur,
323 2205 417 2276 quas
449 2181 641 2280 Longinus
676 2181 744 2254 sibi
785 2205 967 2282 expensas
1008 2181 1093 2254 ferri
1129 2204 1207 2256 non

80 2297 241 2364 tantum
268 2294 506 2391 patiebatur,
533 2295 738 2370 sedetiam
772 2296 943 2395 cogebat.
986 2296 1038 2366 ld'
1054 2317 1207 2394 gregem

80 2395 337 2508 locupletium
362 2399 600 2486 simultatum
625 2433 777 2484 caussae
804 2417 934 2484 tenues
960 2407 1207 2480 coniicieban·

83 2534 182 2608 tur,
222 2551 343 2629 neque
383 2527 503 2600 ullum
542 2549 660 2628 genus
699 2531 901 2624 quaestus,
927 2529 994 2598 aut
1020 2523 1147 2624 magni
1172 2528 1212 2597 et

84 2637 292 2729 evidentis,
318 2646 385 2716 aut
410 2643 555 2715 minimi
575 2646 614 2715 et
631 2639 790 2738 sordidi,
815 2637 1208 2740 praetermittebatur,

84 2783 167 2856 quo
194 2757 329 2832 domus
354 2763 393 2832 et
423 2755 589 2832 tribunal
616 2757 857 2856 imperatoris
884 2760 1047 2830 vacaret.
1089 2754 1212 2842 Nemo

85 2878 198 2966 erat,
237 2877 301 2974 qui
339 2875 453 2948 modo
471 2874 652 2976 ,aliquam
685 2874 873 2946 iacturam
910 2870 1031 2964 facere
1061 2877 1214 2970 posset,

87 2993 183 3091 quin
210 2998 277 3066 aut
302 2991 519 3066 vadimonio
545 2994 760 3074 teneretur,
789 2995 856 3064 aut
882 2990 920 3062 in
945 3013 1030 3062 rens
1055 2989 1211 3064 referre·

85 3116 169 3181 tur.
236 3108 307 3200 lta,
328 3109 442 3180 etiam
482 3129 621 3206 magna
646 3102 859 3178 sollicitudo
887 3099 1138 3202 periculorum
1166 3102 1213 3177 ad

85 3224 260 3326 iacturas
285 3220 326 3298 et
351 3221 579 3298 detrimenta
603 3220 658 3296 rei
684 3218 876 3314 familiaris
902 3217 1190 3318 adiungebatur,

85 3532 242 3654 szi‘pture,
258 3535 393 3597 resurae,
412 3528 477 3610 iales
489 3537 544 3596 est3
561 3547 625 3583 nam
691 3531 813 3591 cuniam,
830 3545 904 3609 nuuc
918 3547 945 3582 re
962 3529 1020 3600 ipen
1035 3525 1128 3592 (louet,
1146 3528 1218 3585 iden·

93 3667 96 3674 1
159 3599 476 3666 umescederetlorgstro.
494 3599 538 3650 Μ.
555 3597 625 3652 Mul·
691 3615 740 3670 que
757 3614 813 3650 uon
830 3605 925 3654 rteuuu
942 3595 1032 3656 dnae
1049 3597 1093 3653 M.

88 3679 120 3720 to
139 3669 228 3751 magis
245 3675 337 3748 peccat
353 3666 479 3744 Vossius,
497 3665 542 3735 qui
559 3663 625 3732 legit
724 3681 758 3756 in·
774 3695 813 3728 ea.
840 3676 917 3756 Certe
939 3693 993 3729 nou
1017 3677 1046 3728 iu
1071 3673 1218 3756 Corduba,

89 3739 240 3792 sesterrutm
255 3736 346 3786 decus
364 3731 432 3788 Vrde
449 3741 507 3786 uot-
524 3731 560 3784 ad
577 3733 624 3786 At.
692 3744 738 3798 red
750 3761 777 3796 m
789 3752 890 3798 cestru.
908 3743 1035 3823 ldegnun
1047 3759 1110 3796 vero
1124 3743 1219 3806 fursee,

90 3808 136 3869 87.
692 3831 707 3864 e
724 3809 827 3864 duobus
848 3809 981 3863 donativis
1000 3809 1129 3878 adparet3
1158 3809 1221 3866 hius

692 3877 810 3934 luriuius
827 3877 879 3946 legi
895 3877 989 3931 suadet
1005 3881 1104 3946 ingens.

726 3973 774 4026 siti
790 3989 848 4040 exp.
857 3969 939 4042 serri.
957 3968 998 4022 ct
1017 3987 1040 4022 c.
1059 3972 1099 4022 td.
1117 3969 1160 4022 M.

727 4049 885 4102 sirnulratum
902 4065 1013 4100 murrae.
1037 4047 1176 4102 Rubenius
1191 4049 1221 4104 is

694 4115 792 4172 illectis
818 4131 850 4176 ι,
871 4113 903 4167 32
927 4113 1033 4167 volebat
1045 4115 1221 4168 munuum.

45 4251 49 4257 Ι
126 4193 186 4248 HS
201 4201 311 4248 menz,
328 4191 383 4249 mit,
401 4198 473 4254 Ant,
484 4191 538 4252 HS
549 4197 627 4268 codd,
676 4200 749 4237 ·uou
768 4195 884 4259 opus31s
902 4180 1080 4260 simultatibus
1097 4181 1131 4235 sd
1152 4182 1223 4237 mul·

112 4261 210 4314 uidem
227 4263 330 4316 addunt
346 4269 458 4328 iterum,
475 4259 538 4328 nlii',
554 4266 628 4336 iique
694 4261 750 4308 ω’
778 4259 927 4301 mnium·
960 4248 1072 4302 ¹⁴⁸t¹¹¹¹¹⁸
1100 4249 1223 4310 minim

92 4278 177 4390 boni,
195 4331 334 4383 omittunt.
351 4331 419 4401 Fuge
431 4333 542 4384 sustulit
557 4333 627 4386 Oud.
695 4315 799 4388 ¹⁸8⁰b⁸l
815 4317 892 4368 'lm‘
907 4328 933 4368 ‘²
949 4334 1061 4370 mmm·

95 4398 160 4466 quis
184 4395 289 4453 Cassius
305 4409 392 4470 nuper
409 4401 564 4472 promiserat
581 4417 627 4476 pe·
728 4400 754 4450 r'n
770 4412 839 4452 reos·
857 4393 914 4454 alit
930 4397 998 4454 inser
1015 4411 1082 4452 reos·

91 3932 342 4056 TMedobrggprG
363 3931 395 3988 Iu
425 3934 506 3988 titulo
533 3935 626 4053 psoutis

89 4011 240 4121 suilli?
260 4005 525 4139 ἴωὲξῖᾉέἑῖὴ·
561 4020 626 4056 '⁰⁰'
