3044 5316
239 412 245 430 .
316 341 425 486 48
514 375 554 434 Α.
589 367 729 436 mern
761 375 817 438 uu
845 375 987 438 nstro
1023 362 1240 441 anexius.

366 574 427 649 50.
445 572 599 666 ‘Quibus
625 573 671 648 de
697 575 835 651 caussis
862 578 1024 668 accidit,
1051 585 1120 669 ut,
1146 577 1264 678 quum
1289 549 1438 680 iaougi-

217 741 220 746 ·
314 709 386 764 uus
403 690 611 788 Imperator
628 689 759 764 eadem
777 690 936 782 faceret,
954 717 1048 791 quae
1067 695 1207 767 fecerat
1226 697 1438 788 Quaestor,

313 799 448 878 similia
482 797 611 876 rursus
644 803 690 877 de
724 811 847 880 morte
880 809 959 880 eius
995 807 1242 908 provinciales
1278 810 1440 882 consilia

313 921 465 996 inirent.
509 921 657 994 Horum
674 921 803 996 odium
829 923 1299 1027 confirmabantnonnulli
1325 927 1442 1001 fami*

313 1033 423 1114 lines
445 1027 547 1126 eius,
574 1037 664 1135 qui,
689 1057 807 1137 quum
833 1041 872 1114 in
898 1039 961 1114 illa
986 1040 1165 1116 societate
1191 1051 1441 1118 versarentur

304 1155 561 1254 rapinarum,
599 1150 715 1228 nihilo
754 1157 878 1232 minus
904 1156 1063 1234 oderant
1088 1179 1202 1250 eum,
1229 1162 1336 1234 cuius
1362 1184 1441 1234 no-

315 1273 417 1348 mine
444 1271 680 1372 peccabant,
716 1271 886 1373 sibique,
911 1272 1013 1372 qood
1042 1273 1270 1375 rapuerant,
1299 1301 1439 1377 accep-

315 1393 402 1466 tum
426 1385 664 1472 referebant3
690 1385 792 1484 quod
818 1387 1083 1478 interciderat,
1117 1396 1185 1465 aut
1210 1398 1292 1466 erat
1315 1394 1438 1467 inter-

316 1499 524 1604 pellatum,
562 1499 690 1574 Cassio
716 1499 976 1602 adsignabant.
1027 1493 1229 1598 Quintam·
1250 1505 1439 1606 legionem
1470 1545 1484 1555 ·-

297 1632 458 1713 novum
483 1614 713 1690 conscribite
751 1625 913 1719 augetur
938 1615 1067 1692 odium
1094 1629 1133 1696 et
1159 1643 1207 1696 ex
1231 1621 1312 1726 ipso
1338 1619 1435 1694 dile·-

319 1740 388 1810 ctu
413 1739 454 1806 et
480 1735 609 1806 sumtu
634 1731 783 1837 additae
808 1733 982 1836 legionis:
1002 1737 1239 1840 complentur
1264 1741 1448 1839 equitum!

317 1848 393 1926 tria
419 1846 548 1939 milia,
572 1847 821 1947 maximisque
847 1857 1033 1926 ornentur
1056 1843 1239 1954 inpensis:
1259 1877 1328 1930 nec
1346 1879 1440 1956 pro·

257 1985 260 1994 ·
309 1965 468 2040 ¹vinciae
494 1963 608 2038 datur
633 1961 711 2038 ulla
735 1964 894 2064 requies.
1316 1963 1320 1972 ’

375 2076 437 2153 5ι.
463 2079 618 2154 Interim
636 2077 783 2154 litteras
797 2082 943 2182 accepit
961 2109 984 2158 a
1000 2083 1173 2170 Caesare,
1188 2089 1245 2158 'ut
1269 2083 1308 2158 in
1335 2081 1440 2158 Afri-

311 2215 408 2270 ·cam
423 2197 641 2270 exercitum
666 2197 920 2292 transiiceret,
938 2221 1077 2300 perque
1095 2198 1363 2284 Mauritaniam
1388 2197 1439 2272 ad

311 2286 638 2390 ·finesNi1midiae
663 2314 906 2412 perveniret3
933 2317 1034 2414 quod
1059 2336 1196 2416 magna
1233 2315 1301 2390 Cn.
1327 2313 1440 2390 Pom·

320 2425 407 2528 poio
432 2425 524 2501 iuba
549 2427 632 2501 Rex
657 2427 810 2526 miserat
835 2427 975 2505 auxilia
1007 2432 1224 2530 maioraque
1259 2429 1441 2504 missurus

322 2543 620 2620 existimabatur.
680 2543 826 2637 Quibus
864 2545 1000 2620 litteris
1037 2547 1227 2646 acceptis,
1268 2535 1446 2620 insolenti

322 2655 521 2760 uoluptate
547 2655 797 2750 efferebatur,
822 2659 925 2757 quod
961 2659 1032 2733 sibi
1071 2681 1256 2734 novarum
1291 2657 1446 2762 provin-

227 2830 230 2850 .
324 2779 474 2863 ciarum·
496 2781 534 2850 et
559 2774 775 2849 fertilissimi
814 2775 935 2878 Regni
974 2781 1082 2851 tauta
1113 2776 1242 2852 oblata
1269 2775 1365 2852 esset
1390 2775 1448 2848 la-

325 2892 459 2970 cultas.
512 2889 646 2989 ltaque
671 2889 748 2990 ipse
774 2891 813 2964 in
838 2892 1071 2966 Lusitaniam
1098 2889 1368 2992 proficiscitur,
1394 2891 1447 2964 ad

324 3003 491 3108 legiones
529 2993 764 3084 arcessendas
808 3007 1018 3104 auxiliaque
1057 3003 1301 3098 adducenda3
1333 3008 1447 3080 certis

305 3123 542 3202 lrominilms
572 3120 637 3198 dat
664 3110 858 3224 negotium
875 3131 954 3212 ,ut
981 3120 1216 3197 frumentum
1255 3141 1447 3220 navesque

327 3245 483 3314 centum
510 3243 819 3340 praepararentur
856 3239 1111 3339 pecuniaeque
1146 3237 1450 3314 describerentur

330 3366 446 3455 atque
484 3363 785 3458 imperarentur;
811 3380 857 3430 ne
883 3381 1071 3454 quares,
1108 3382 1225 3456 quum
1264 3357 1453 3446 redisset,

329 3479 553 3550 moraretur.
604 3473 763 3577 Reditus
789 3473 867 3545 eius
893 3473 966 3551 tuit
991 3472 1148 3552 celerior
1173 3475 1345 3548 emnium
1370 3476 1453 3573 opi-

264 3642 268 3649 ·
329 3590 459 3675 uione;
487 3611 562 3661 non
589 3589 688 3664 enim
713 3587 903 3661 laborant
921 3587 1135 3690 vigilantia,
1155 3591 1322 3692 cupienti
1341 3615 1455 3690 prae·

331 3705 461 3786 sertim
485 3701 653 3802 aliquid,
679 3702 806 3780 Cassio
834 3702 977 3778 deerat.

366 3941 415 3995 retr·
436 3969 470 3984 -
488 3958 543 4002 aco.
565 3939 615 4012 refi
635 3939 703 4010 Ergo
724 3943 764 3996 sic
784 3958 860 4010 auge·
919 3938 1072 4020 'referebant
1100 3941 1196 4014 legitur
1227 3941 1308 4013 vulgo
1324 3941 1455 4014 firebarrt

332 4006 400 4063 bant
416 4027 476 4062 suos
493 4007 600 4062 reditus.
627 4009 705 4078 Quod
722 4014 809 4061 iratam.
828 4039 861 4052 -··
927 4023 1017 4064 contra
1035 4009 1111 4066 codd.
1130 4019 1158 4064 ct
1174 4009 1234 4064 odd.
1249 4019 1314 4072 rctt.

333 4077 512 4148 udaignabant.
540 4073 610 4146 Ergo
638 4079 675 4132 sic
704 4076 861 4132 minuebant

334 4143 420 4196 Cassii
436 4143 545 4204 reditus.
562 4145 697 4196 Intercidir
715 4145 756 4205 id,
788 4143 862 4214 quod
962 4157 1106 4206 ornantur,
1124 4145 1295 4196 instruuntur
1312 4139 1388 4194 rebus
1405 4159 1458 4194 ne-

335 4209 432 4280 rliquis
447 4229 507 4264 casu
525 4229 580 4263 uon
599 4211 686 4282 potest
702 4211 816 4280 redigere
832 4213 861 4265 in
929 4211 1053 4265 cessariis.
1074 4210 1161 4280 Vulgo
1177 4222 1335 4262 atterantur:
1358 4207 1405 4260 sed
1423 4209 1459 4272 hi

337 4293 410 4331 suam
427 4286 600 4346 potestatem:
619 4279 801 4348 interpellatur·
817 4279 862 4339 id,
930 4279 1032 4348 equites
1054 4293 1109 4330 uon
1131 4278 1234 4330 onerati
1252 4289 1322 4330 sunt.
1347 4276 1388 4328 M.
1408 4275 1458 4328 Cs.

357 4343 409 4396 uod
426 4345 515 4396 minus
532 4347 591 4418 quis
609 4347 638 4397 in
675 4353 812 4398 otestatem
826 4365 863 4397 re·
930 4345 1028 4400 Festus.
1041 4363 1067 4399 r.
1084 4357 1200 4399 ornatus.
1219 4343 1300 4398 Iurin.
1313 4343 1390 4396 malit
1409 4361 1461 4394 ar-

337 4363 425 4485 digne,
443 4411 580 4484 inpeditur
597 4411 630 4468 ab
674 4421 737 4467 tero.
756 4411 799 4468 M.
812 4412 862 4468 Pro
930 4425 1042 4468 martur.
