2998 5320
350 429 445 530 204

641 445 698 504 DE
730 435 864 504 datto
898 440 1162 506 mauruntus!

1497 583 1498 616 i

350 642 465 730 ciunt.
498 641 626 720 Nostri.
642 640 688 713 ad
708 639 884 740 oppidum
902 642 1196 740 recuperandum
1214 641 1458 731 monrium

348 782 423 830 non
441 760 744 856 praetermittunt
769 762 808 830 et
833 757 994 859 reliquos
1012 760 1119 831 vivos
1145 757 1315 856 capiunt,
1340 755 1459 831 thlt

348 869 475 960 milia,·
497 895 542 941 -ac
557 869 687 946 deinde
704 871 906 945 Ursaonem
925 853 1235 976 proficiscuntur:
1261 873 1360 970 quod
1381 891 1460 971 op*
1497 841 1498 934 d

348 987 477 1085 pidum
503 1008 637 1086 magna
664 987 869 1060 munitione
896 989 1174 1080 continebatur,
1200 989 1279 1080 siu,
1304 997 1347 1086 ut
1374 990 1461 1087 ipse

346 1102 457 1176 locus
480 1127 553 1174 non
580 1102 701 1202 sotum
727 1127 861 1200 opere,
904 1103 969 1176 aed-
993 1106 1109 1177 etiam
1142 1111 1276 1179 natura
1302 1105 1459 1189 editus,
1497 1087 1498 1162 i

349 1221 396 1294 ab
425 1205 673 1320 obpugnando
693 1218 805 1292 ,hoste
839 1219 1063 1294 subverteret.
1114 1223 1197 1297 Hoc
1224 1221 1461 1312 adcedebat,

350 1345 394 1412 ut
419 1363 545 1434 aqua,
578 1341 835 1434 praeterquam
861 1336 899 1406 in
920 1336 1010 1434 ipso·
1026 1324 1161 1434 oppido
1188 1339 1351 1428 Munda,
1377 1339 1462 1412 eir·

351 1453 538 1524 cumcirca
556 1465 738 1547 nusquam
756 1449 979 1548 reperiretur
998 1451 1148 1548 propius
1163 1449 1262 1524 milia
1276 1467 1460 1549 passuum

351 1571 451 1638 octo.
502 1567 608 1657 Quae
640 1587 699 1636 res
726 1576 860 1663 magno
893 1571 975 1637 erat
1007 1564 1224 1640 adiumento
1248 1563 1461 1664 oppidanis.

353 1679 451 1756 Tum
466 1684 656 1776 praeterea
670 1677 889 1766 accedebat,
908 1686 1072 1778 utagger
1085 1679 1343 1778 materiesque,
1358 1677 1462 1750 unde

331 1785 485 1866 'soritae
510 1799 598 1866 suut
624 1801 745 1865 turres
770 1791 853 1889 agi,
892 1795 1044 1892 propius
1075 1793 1178 1867 milia
1202 1814 1375 1892 passuum
1404 1796 1460 1870 vl

354 1933 428 1980 non
454 1907 747 2006 reperiebantur.
785 1907 841 1980 Ac
865 1907 1084 2006 Pompeius,
1117 1918 1162 1985 ut
1185 1911 1307 2010 oppidi
1333 1910 1460 2009 obpu-

355 2027 566 2124 gnationem
594 2024 772 2095 tutiorem
791 2018 978 2114 efficeret,
1013 2043 1161 2098 ornnem
1179 2027 1369 2104 materiem
1390 2029 1463 2102 cir-

348 2166 442 2230 cum
457 2139 635 2238 oppidum
649 2141 829 2212 succisam
847 2140 944 2212 intro
960 2143 1156 2242 congessit.
1183 2143 1237 2214 lta
1254 2147 1461 2216 necessario

348 2247 633 2326 deducebantur
659 2253 804 2338 nostri,
838 2259 879 2324 ut
905 2277 927 2325 a
952 2255 1117 2345 Munda,
1150 2271 1261 2354 quam
1287 2259 1458 2363 proxime

355 2373 556 2466 ceperant,
589 2369 789 2441 materiem
815 2365 878 2438 ilio
904 2366 1154 2466 deportarent.
1262 2369 1264 2373 ’

408 2493 470 2569 42.
487 2483 586 2553 Dum
606 2483 697 2558 baec
717 2481 762 2553 ad
782 2478 959 2554 Mundam
979 2483 1160 2579 geruntur
1177 2488 1215 2556 et
1231 2484 1461 2574 Ursaonem,

357 2595 519 2686 Caesar,
546 2621 662 2694 quum
683 2622 706 2670 a
733 2595 898 2667 Gadibus
916 2596 961 2668 ad
981 2597 1159 2697 Hispalim
1182 2623 1219 2671 se
1237 2601 1463 2697 recepisset,

359 2714 565 2808 insequenti
581 2713 659 2800 die,
676 2713 852 2795 concione
867 2699 1071 2803 advocata,
1088 2711 1377 2804 commemorat,
1392 2703 1464 2789 ini·-

358 2832 407 2897 b'o
435 2826 757 2926 Quaestnruesuae
781 2833 1100 2922 comprovinciam
1126 2855 1173 2903 ex
1198 2829 1357 2902 omnibns
1379 2855 1465 2927 pro·
1497 2917 1498 2926 ἵ

321 2937 326 2940 ’
353 2940 485 3016 'vinctis
508 2944 724 3039 peculiarem
748 2941 817 3014 sibi
842 2940 1065 3015 constituebas
1089 2955 1147 3027 et,
1174 2963 1263 3043 puna
1290 2950 1466 3047 potuisset

360 3081 401 3130 co
418 3071 593 3154 tempore,
619 3053 787 3152 beneficio
811 3055 983 3155 largitum
1008 3081 1094 3132 esse.
1129 3059 1331 3157 Insequenti
1353 3064 1467 3140 Proa-

359 3186 443 3245 rura
460 3176 627 3267 ampliora
654 3163 810 3263 bonore,
836 3177 1050 3271 vestigatis,
1073 3199 1164 3274 quaa
1188 3159 1466 3277 Metellusz‘npd
1497 3219 1498 3290 p

298 3279 303 3296 ‘
360 3294 509 3379 suisset,
545 3315 568 3360 a
593 3285 725 3364 Senatu
752 3295 884 3389 petisse
908 3303 942 3362 et
971 3295 1023 3363 eis
1053 3299 1214 3390 pecuaris
1241 3301 1464 3394 provinciam
1497 3299 1498 3302 ’

349 3545 351 3550 ,
396 3461 547 3554 Ursaonem.
567 3500 633 3554 Cod.
646 3501 727 3556 Dorv.
742 3501 878 3556 Ursonem.

318 3600 321 3605 ,
361 3569 403 3620 Cf.
422 3577 477 3620 not.
495 3568 527 3620 ad
545 3586 567 3618 c.
586 3572 626 3618 26,

393 3636 427 3684 ad
438 3635 627 3702 obpugnandum
635 3635 741 3686 bosram.
751 3636 810 3706 [aeg.
819 3653 879 3688 cum

359 3701 486 3755 Goduino
496 3709 522 3753 ut
531 3699 654 3767 Celiario,
664 3704 695 3752 ab
702 3703 752 3771 obp
785 3704 879 3752 nando.
936 3741 938 3746 .

282 3790 284 3794 ’
355 3769 413 3822 =Pru
434 3779 579 3836 oppeteret,
602 3769 716 3839 quodid
733 3789 763 3820 oo
783 3771 808 3822 d.
826 3779 879 3829 est,

361 3835 428 3888 bene
452 3825 563 3885 editores
584 3845 710 3886 averreret
728 3845 879 3906 posuerunt.

361 3902 404 3954 M.
429 3900 565 3967 Vulgatum
586 3901 653 3954 male
669 3901 788 3954 defendit
804 3903 879 3957 Clar-

360 3968 439 4022 kim..
455 3967 674 4020 Emerrdationrm
690 3987 745 4020 rece
766 3972 784 4018 i.

353 4051 360 4062 ¹
394 4048 421 4086 ur
438 4049 506 4104 apua
525 4063 557 4074 -
572 4047 636 4086 octo.
674 4035 719 4087 Sic
740 3987 809 4088 διιᾶ.
834 4035 881 4088 ssd

363 4101 408 4153 alii
422 4102 607 4154 exhibuerant:
626 4105 693 4171 qnod
710 4114 880 4173 aqua,prae·

362 4181 478 4238 terquum
497 4173 595 4238 inipso
612 4171 718 4238 oppido,
739 4191 793 4221 nnn
810 4181 880 4220 arnt:

364 4255 423 4285 nam
439 4240 595 4286 circumcisus
611 4237 682 4287 rivus
693 4255 820 4303 rnrspunm
838 4255 880 4288 ro·

362 4303 508 4370 prr-rebatur·
520 4331 560 4350 -.
586 4303 623 4352 M.
640 4304 761 4356 Oudend.
779 4314 881 4356 secutus

346 4374 405 4419 vest
422 4368 496 4422 co‘ld.
515 4367 595 4420 Norr.
613 4377 639 4419 at
657 4369 743 4420 Putas.
779 4371 815 4422 Ur
834 4389 882 4440 pro

363 4435 433 4505 quod
450 4453 511 4488 mox
528 4436 622 4489 iturum
638 4439 761 4504 oomrrit,
777 4447 804 4490 at
820 4439 882 4507 qui·

945 3501 1006 3556 dem
1022 3521 1081 3554 cum
1101 3504 1251 3558 indicativo.
1291 3489 1368 3561 Rivns
1389 3505 1465 3561 abest

946 3569 979 3620 ab
996 3570 1054 3622 edd.
1074 3580 1136 3625 vett.

979 3667 1029 3732 agi.
1058 3659 1109 3716 Ite's
1117 3663 1336 3739 firripostulab
1357 3665 1397 3716 Μ.

979 3758 1177 3822 reperiebantur.
1218 3757 1301 3810 Huius
1325 3767 1464 3828 syntaxeos

945 3821 1051 3898 ,eulpam
1060 3827 1180 3942 scpiptori
1189 3825 1344 3896 ipsinamo,
1356 3829 1463 3897 opinor,

947 3889 1053 3940 tribuet.
1083 3905 1094 3942 r
1118 3927 1125 3946 .

980 3959 1064 4024 ‹pputi
1080 3959 1212 4028 obpugnat.
1254 3957 1352 4012 Saltem
1370 3977 1464 4029 propn-

943 4031 1090 4092 gnaeioucm
1107 4025 1219 4092 legetur,
1242 4034 1272 4075 ut
1295 4025 1372 4078 multi
1389 4026 1465 4077 dira·
1497 4031 1498 4062 i

948 4100 1019 4142 runt.
1048 4093 1084 4141 M.
1103 4091 1186 4143 Cndd.
1209 4107 1299 4144 omnes
1316 4091 1415 4145 habent
1432 4093 1465 4143 ad

948 4155 1070 4224 oppr‘dum.
1104 4157 1198 4210 Latere
1222 4159 1287 4230 quid
1305 4168 1380 4228 putat
1397 4159 1463 4212 Oud.
1497 4163 1498 4230 i

947 4225 1024 4276 Forte
1044 4243 1089 4294 pro
1111 4230 1230 4277 curtorum
1254 4224 1389 4296 legendum
1413 4229 1464 4276 Ien-
1497 4235 1498 4298 i

933 4295 1053 4352 ¹tr'orem,
1070 4293 1262 4344 durrurna'oram.
1281 4313 1285 4320 ·

981 4372 1143 4440 Quaesturac
1158 4389 1226 4422 sune.
1243 4373 1358 4426 'Svetom
1377 4371 1426 4424 [ut.
1442 4391 1461 4423 c.

947 4453 972 4504 7.
984 4439 1023 4493 Da
1033 4441 1156 4494 Praetura
1167 4439 1231 4494 ibid.
1243 4457 1265 4493 c.
1281 4448 1317 4498 18.
1330 4443 1464 4498 Grtturius·
1497 4451 1498 4516 p
