3044 5316
326 341 389 402 20
518 342 558 407 Α,
593 339 741 402 ΗΙΒΤΙΙ,
766 339 822 399 ΒΕ
858 339 994 399 BELLO
1028 337 1249 403 ALEXAND.

325 537 545 638 pugnabant
558 546 597 614 et
613 539 726 614 litora
739 541 874 614 armati
890 538 1159 630 defendebant,
1185 563 1261 638 quo
1281 544 1448 640 'propter

324 655 564 752 asperitatem
584 655 656 729 loci
675 680 750 728 non
776 656 895 729 facilis
909 658 1044 729 nostris
1068 655 1197 728 aditus
1209 655 1389 746 dabatur,
1405 660 1452 728 et

322 773 468 871 scaphis
484 775 714 873 navibusque
733 774 854 876 longis
872 775 1036 874 quinque
1061 773 1252 846 mobiliter
1270 781 1310 845 et
1326 777 1453 846 scien·

320 893 381 960 ter
393 890 582 988 angustias
595 891 667 963 loei
681 893 897 964 tuebantur.
913 890 985 963 Sed
1000 890 1082 978 ubi,
1094 891 1255 986 primum
1273 889 1368 962 locis
1383 915 1454 962 co-

308 1005 435 1102 xgnitis
454 1006 882 1104 vadisque'pertentatis,
901 1007 1011 1105 pauci
1033 1007 1153 1079 nostri
1175 1007 1213 1078 in
1228 1006 1337 1080 litore
1359 1031 1459 1079 con*

323 1123 502 1196 stiterunt
520 1128 632 1220 atque
650 1123 720 1195 bos
736 1129 825 1196 sunt
839 1121 901 1194 alii
919 1123 1110 1194 subsecuti
1125 1121 1136 1212 ;
1154 1128 1450 1219 constanterque

233 1219 238 1233 ¹
320 1233 359 1306 in
380 1257 462 1325 eos,
484 1237 549 1334 qui
573 1238 612 1310 in
638 1235 748 1310 litore
775 1260 896 1334 aequo
917 1237 1339 1334 institerant5inpetum
1356 1234 1456 1308 lece·

318 1357 429 1441 runt,
443 1351 768 1425 omneseharitae
790 1359 898 1452 terga
915 1359 1124 1426 verterunt.
1152 1353 1219 1424 His
1242 1351 1357 1449 pulsis
1381 1374 1456 1424 cu-

320 1467 444 1538 stodla
470 1473 601 1564 portus
630 1465 783 1558 relicta,
806 1466 853 1540 ad
879 1467 990 1540 litora
1016 1473 1055 1540 et
1085 1467 1213 1538 vicum
1242 1463 1455 1563 adplicare-

265 1614 271 1628 ·
319 1588 428 1666 runt,
444 1607 556 1680 seque
583 1606 630 1655 ex
657 1583 813 1656 naribus
828 1583 874 1656 ad
890 1583 1032 1657 tuenda
1050 1582 1226 1678 aedificia*
1238 1585 1454 1656 eiecerunt.

382 1698 442 1772 18.
467 1701 597 1797 Neque
625 1723 713 1772 vero
730 1699 881 1772 diutius
907 1699 976 1797 ipsi
1002 1723 1047 1772 ea
1072 1699 1283 1771 munitione
1300 1724 1338 1770 se
1355 1724 1455 1772 con-

312 1817 446 1914 tinere
461 1823 687 1918 potnerunt:
714 1817 783 1890 etsi
799 1822 882 1890 erat
907 1840 983 1889 non
1010 1815 1206 1907 ffissimile,
1222 1825 1335 1914 atque
1360 1817 1451 1912 Ale-
1520 1801 1521 1808 ἵ

322 1930 521 2020 xandriae,
544 1955 662 2032 genus
688 1930 964 2020 aedificiorum,
990 1937 1035 2004 ut
1060 1931 1209 2003 minora
1240 1931 1449 2004 maioribus

322 2044 585 2135 conferantur,
609 2051 806 2143 turresque
833 2045 954 2118 editae
974 2052 1014 2119 et
1029 2046 1258 2118 coniunctae
1276 2045 1376 2116 muri
1394 2043 1451 2116 lo-

325 2184 415 2233 cum
441 2162 680 2250 obtinebant,
706 2185 827 2258 neque
846 2161 964 2234 nostri
992 2166 1059 2234 aut
1084 2159 1220 2250 scalis,
1243 2167 1311 2240 aaut
1337 2161 1452 2234 crati-

321 2271 414 2356 bus,
433 2282 501 2345 aut
516 2273 670 2371 reliquis
681 2277 792 2349 rebus
810 2277 944 2374 parati
963 2278 1145 2348 venerant
1160 2273 1210 2346 ad
1226 2274 1449 2374 obpugnan-

326 2387 431 2462 dum.
483 2390 557 2464 Sed
583 2390 705 2466 terror
730 2391 943 2466 hominibus
970 2397 1136 2464 mentem
1168 2391 1445 2490 consiliumque

305 2541 310 2556 1·
325 2507 437 2605 eripit
462 2513 501 2581 et
526 2509 696 2581 membra
722 2507 915 2581 debilitat:
943 2515 987 2582 ut
1012 2513 1105 2581 tunc
1124 2507 1273 2582 accidit.
1301 2510 1377 2600 Qui
1404 2534 1448 2582 se

324 2624 365 2699 in
382 2647 503 2722 aequo
528 2622 613 2696 loco
632 2629 675 2697 a'c
694 2623 806 2723 plano
822 2649 928 2722 pares
946 2623 1298 2716 esse‘confidebant,
1314 2627 1451 2718 iidem,

323 2739 511 2837 perterriti
531 2735 620 2838 luga
640 2760 794 2811 suorum
822 2744 861 2811 et
887 2738 1000 2844 caede
1027 2761 1257 2838 paucorum,
1285 2740 1444 2839 triginta

325 2849 465 2950 pedum
499 2850 770 2926 altitudine'in
804 2841 981 2926 aedifidis
1014 2853 1217 2927 consistere
1253 2854 1331 2926 ausi
1365 2878 1444 2925 non

324 2971 433 3056 sunt,
450 2989 562 3065 seque
586 2965 653 3066 per
679 2965 817 3040 molem
843 2969 882 3041 in
908 2993 1011 3042 mare
1037 2970 1382 3070 praecipitaverunt
1400 2975 1443 3063 et

324 3081 628 3180 octingentorum
647 3107 824 3182 passuum
846 3084 1046 3158 intervallo
1073 3083 1120 3158 ad
1147 3083 1325 3183 oppidum
1353 3108 1446 3156 ena·

323 3203 516 3272 taverunt.
534 3199 647 3274 Multi
665 3207 793 3273 tamen
811 3203 920 3274 exiis
939 3201 1037 3298 capti
1054 3201 1318 3300 interfectique
1334 3207 1448 3290 sunt,

324 3315 389 3390 sed
415 3339 594 3390 numerus
619 3319 860 3417 captivorum
886 3319 1039 3390 omnino
1066 3316 1140 3392 fuit
1166 3317 1247 3390 DC.
1303 3376 1307 3384 ,

339 3577 518 3643 'pertentatis
542 3572 611 3626 Edd.
655 3573 758 3626 raedam
772 3591 851 3642 prae·
916 3591 950 3643 go
966 3574 1062 3645 legitur
1077 3594 1130 3640 aar,
1154 3577 1199 3630 ubi
1218 3579 1448 3700 pnqqosirionens

317 3647 437 3702 unsaris.
453 3651 538 3702 recte,
554 3643 608 3694 sic
644 3642 671 3693 d.
688 3641 849 3694 addicerent.
916 3641 1030 3695 deletam
1045 3645 1119 3714 cupit
1134 3643 1254 3712 Scaliger.
1300 3647 1387 3698 rsinus
1405 3668 1448 3699 re·

322 3709 438 3763 corrodia
452 3727 480 3779 p.
497 3709 595 3760 relicta.
620 3709 739 3761 Iurinius
757 3707 850 3760 mallet
916 3710 1032 3780 ponebat
1048 3715 1076 3761 in
1092 3727 1162 3764 mun.
1189 3712 1262 3765 oud.
1279 3732 1329 3792 pro
1345 3717 1394 3782 ursi
1411 3733 1450 3764 ex

320 3779 451 3830 mendice
465 3795 502 3847 p..
510 3776 601 3827 relicti.
916 3777 1075 3831 coniiciebat
1093 3778 1236 3844 Pharitae,
1260 3782 1342 3833 nimis
1358 3780 1448 3832 auda-

356 3845 519 3898 adlr'roraet
532 3862 555 3893 ν.
572 3842 617 3894 ad.
634 3840 753 3914 Plerique
770 3841 847 3894 codd.
915 3853 979 3896 oter·
1263 3853 1265 3858 '
1306 3869 1308 3872 ·

321 3909 441 3972 habent,
461 3915 538 3962 neves
555 3910 590 3960 ad
607 3909 687 3962 litora
704 3923 730 3961 ee
747 3929 770 3961 ν.
787 3910 848 3978 adp.
946 3907 1217 3982 genusaedifiaiorum.
1237 3911 1383 3984 Cf.cap.1.
1406 3914 1446 3966 Μ.

320 3979 436 4034 Dorico
453 3979 486 4032 cf.
504 3977 534 4031 Β.
550 3975 582 4029 C.
600 3980 617 4034 3
627 4013 636 4038 ,
662 3993 716 4029 112.
735 3979 777 4030 Μ.
795 3978 847 4030 Su-
949 3983 1156 4049 octingentorum.
1174 3979 1240 4033 Cod.
1257 3980 1345 4034 Vossii
1362 3980 1446 4034 babet

319 4046 431 4128 baudire
448 4063 524 4097 naver
541 4044 650 4098 sufficit.
710 4115 716 4126 .
749 4115 754 4126 Ι
914 4059 1123 4115 nongentorum,
1138 4056 1169 4126 qt
1185 4048 1217 4100 C·
1236 4047 1272 4110 3,
1293 4065 1348 4100 ιη.

302 4125 625 4246 ,silln‘loll'flliiss
642 4111 689 4233 lt
706 4119 847 4250 tutat
940 4113 1445 4258 Jtttllnllbt‘ttt‘ttnon

318 4247 494 4309 desiderabit,
512 4249 535 4300 si
552 4251 698 4301 omittatur.
716 4249 758 4301 M.
778 4248 847 4314 Lego
913 4245 1027 4316 legitur,
1075 4268 1135 4300 uem
1159 4267 1320 4310 numerum,
1343 4259 1375 4300 ut
1400 4253 1444 4302 ni·

319 4335 352 4366 ea
380 4319 538 4378 monitione,
579 4315 649 4386 quod
677 4315 744 4368 bene
772 4313 847 4368 dedit
913 4317 1011 4378 mium,
1028 4267 1289 4371 ridentnrcditores
1314 4326 1443 4371 neusse.

318 4375 408 4436 Daris.
422 4381 545 4453 Sequitur
558 4381 762 4437 cunctarum.
778 4382 847 4437 vul·
914 4384 958 4437 M.

839 4638 849 4693 l
