3044 5316
357 343 412 435 18
539 376 578 436 n.
614 372 754 434 nrnrn
788 374 844 434 nn
880 373 1016 440 nunno
1051 374 1274 454 inaximo.
1332 341 1337 349 ’

349 576 582 655 subsecutae.
624 577 735 651 Tum
761 579 968 660 necessario
995 577 1198 652 discessum
1217 578 1264 650 ab
1283 583 1365 652 arte
1385 581 1474 668 esi,

347 707 501 794 propter
519 697 708 794 angustias
725 695 818 784 loci,
846 703 960 794 atque
987 719 1098 768 omne
1126 702 1318 768 certamen
1337 697 1373 768 in
1391 701 1474 774 vir*

348 813 432 882 tute
451 810 634 882 constitit.
658 811 789 911 Neque
807 833 897 882 vero
914 809 1161 883 Alexandriae
1179 810 1252 882 fuit
1269 812 1477 916 quisquam

349 931 416 998 aut
442 929 677 1014 nostrorum,
696 933 762 998 aut
789 925 1083 1026 oppidanorum,
1108 925 1173 1020 qni
1198 931 1267 996 aut
1285 928 1323 996 in
1340 950 1496 1024 operes

348 1041 479 1112 autin
507 1039 785 1140 obpugnatione
822 1047 1050 1138 occupatum
1080 1043 1247 1112 animum
1284 1037 1466 1130 liaberet,

347 1159 438 1255 quin
455 1157 636 1230 altissima
655 1165 758 1232 tecta
774 1165 921 1258 peteret
939 1165 1053 1254 atque
1072 1181 1119 1228 ex
1138 1157 1240 1236 omni
1264 1163 1474 1254 prospectu

347 1273 474 1351 locum
494 1275 709 1374 spectaculo
730 1279 880 1376 caperet
908 1275 1152 1374 precibusque
1171 1289 1207 1344 et
1227 1275 1326 1344 votis
1344 1273 1474 1347 victo-

345 1395 442 1467 riam
469 1394 544 1466 suis
562 1393 608 1463 ab
634 1393 712 1466 Diis
738 1390 1001 1464 inmortalibus
1027 1394 1257 1488 exposceret.
1365 1390 1367 1394 ’

402 1507 460 1580 16.
488 1508 642 1580 Minime
669 1513 797 1580 autem
824 1532 892 1604 par
919 1512 1000 1578 erat
1025 1503 1154 1606 proelii
1174 1510 1382 1576 certamen:
1399 1527 1476 1576 no-v

347 1623 433 1696 stris
460 1624 560 1694 enim
585 1603 738 1721 prorsus
765 1645 886 1718 neque
912 1627 1015 1716 terga
1033 1643 1154 1717 neque
1172 1619 1266 1690 mari
1287 1607 1475 1715 effugium

349 1735 510 1817 dabatur
535 1738 673 1827 victis,
699 1724 900 1836 omniaque
926 1731 1134 1808 victoribus
1160 1741 1267 1805 erant
1282 1731 1411 1806 futura
1429 1734 1473 1806 in

350 1847 522 1933 incerto:
551 1849 624 1941 illi,
642 1853 671 1922 si
690 1857 924 1950 superassent
944 1851 1123 1940 navibus,
1143 1849 1267 1920 omnia
1284 1853 1473 1951 tenerent,

347 1967 378 2037 si
405 1965 596 2039 inferiores
622 1967 795 2057 fuissent,
820 1967 1004 2068 reliquam
1036 1975 1162 2040 tamen
1183 1965 1374 2062 fortunam
1402 1988 1473 2062 pe-

349 2083 617 2158 riclitarentur.
632 2085 750 2159 Simul
764 2085 853 2158 illud
869 2111 984 2186 grave
1002 2113 1045 2158 ac
1064 2087 1240 2158 miserum
1255 2083 1471 2190 videbatur:

347 2224 556 2300 perpaucos
570 2201 614 2273 de
629 2223 777 2274 summa
793 2227 920 2275 rernm
947 2230 991 2276 ac
1018 2203 1063 2274 de
1078 2199 1197 2276 salute
1215 2197 1391 2296 omni-um
1405 2201 1469 2287 de·

344 2321 720 2418 certare,quorumsi
740 2323 803 2418 qni
819 2329 885 2394 aut
900 2321 1025 2394 animo
1040 2327 1107 2394 ant
1126 2323 1266 2394 virtute
1282 2323 1469 2412 cessisset,

344 2433 496 2534 reliquis
523 2436 637 2508 etiam
664 2443 760 2510 esset
787 2436 1019 2536 carendum,
1046 2437 1181 2534 quibus
1217 2459 1285 2534 pro
1320 2441 1470 2536 se-‘puj-

326 2552 482 2651 ¹girandi
502 2548 665 2624 facultas
678 2577 755 2624 non
770 2552 912 2626 luisset.
945 2555 1049 2626 Haec
1066 2535 1469 2652 superioribusdiebiis

344 2689 615 2765 saepenumero
642 2665 778 2739 Cacsar
802 2669 877 2740 suis
903 2675 1147 2765 exposuerat,
1173 2675 1218 2741 ut
1244 2669 1315 2740 hoc
1330 2668 1467 2742 maiori

345 2778 472 2848 animo
492 2777 780 2869 contenderent,
797 2783 1081 2878 quodomnium
1100 2781 1260 2855 salutem
1274 2782 1341 2854 sibi
1361 2795 1467 2882 comi

347 2892 562 2966 mandatam
583 2895 764 2970 viderent.
796 2899 937 2972 Eadem
952 2925 1062 2972 suum
1083 2902 1238 2998 quisque
1259 2899 1467 2972 contuber-

345 3011 490 3098 nalem,
517 3015 702 3104 amicum,
729 3022 863 3090 nolum
889 3042 1115 3116 prosequens
1133 3025 1214 3090 erat
1231 3008 1472 3120 obtestatus,

344 3154 391 3202 ne
428 3155 534 3202 suam
571 3138 684 3228 atque
719 3135 885 3207 omnium
920 3135 1064 3208 falleret
1099 3137 1340 3240 opinionem,
1374 3124 1470 3232 qno-

266 3334 273 3361 ,
343 3273 430 3320 rum
457 3247 595 3321 iudicio
623 3247 789 3324 delectus
808 3251 854 3323 ad
874 3253 1363 3352 pugnamproficisccretur.
1382 3256 1467 3330 Ita-

344 3390 416 3464 que
443 3366 517 3438 hoc
545 3367 674 3438 animo
699 3373 756 3440 est
769 3368 1023 3458 decertatum,
1043 3375 1088 3442 nt
1107 3357 1226 3466 neque
1248 3371 1470 3458 maritumis

342 3480 575 3574 nauticisque
591 3480 755 3553 sollertia
770 3489 884 3580 atque
904 3485 977 3556 ars'
990 3485 1214 3582 praesidinm
1241 3485 1373 3574 ferret3
1401 3509 1467 3557 ne-

344 3620 415 3694 que
442 3621 598 3674 numero
614 3602 767 3674 navium
787 3603 1063 3700 praestantibus
1085 3601 1292 3676 multitudo
1308 3599 1468 3702 prodes-

376 3829 408 3860 εκ
436 3813 506 3860 omni
524 3824 672 3878 prospectu,
700 3832 868 3886 quocumque
934 3825 994 3868 rent
1017 3835 1076 3870 cnm
1101 3811 1334 3885 praecedentibus,
1359 3815 1389 3866 ni
1414 3833 1467 3868 su·

342 3877 450 3930 demum
482 3877 540 3931 loco
568 3888 635 3932 stare
665 3889 692 3932 et
720 3884 867 3952 prospicere
934 3883 1045 3936 hundias
1062 3901 1147 3952 qaaere.

343 3954 440 4016 posset.
460 3945 500 3997 M.
738 3961 743 3970 '
860 3952 862 3957 '
968 3952 1016 4000 rel.
1041 3964 1073 4001 ct.
1099 3963 1165 4002 esset
1187 3949 1331 4000 cavendum.
1353 3947 1405 4009 sibi
1422 3950 1466 4004 ,de

376 4018 472 4064 nostris
485 4018 551 4064 enim
566 4029 680 4080 prorsus.
699 4015 761 4067 Fere
776 4034 867 4070 omnes
934 4017 1025 4070 salute.
1049 4017 1116 4070 Edd.
1142 4015 1273 4088 quaedam
1301 4013 1463 4076 caelandum,

342 4077 405 4131 libri
434 4099 483 4150 pro
507 4100 617 4158 prorsus
645 4081 744 4134 habeut
771 4085 868 4154 pulsis.-
934 4085 1006 4156 quod
1029 4083 1137 4137 D'avisio
1167 4085 1261 4155 placet.
1287 4085 1411 4148 Rossetus
1435 4092 1466 4136 et

327 4143 417 4205 bene.
434 4147 488 4200 Sed
505 4158 542 4199 rta
561 4169 623 4201 mox
639 4149 771 4203 delebitur
783 4156 866 4213 victis,
935 4151 1314 4204 Clarkiusvolnerecedendnm
1325 4170 1376 4202 non
1385 4170 1465 4222 opus.

342 4213 417 4278 quod
440 4218 704 4285 interpretamentum
729 4228 768 4270 est
792 4222 869 4281 eius,
936 4219 1024 4272 Multo
1037 4221 1127 4273 minus
1144 4220 1266 4273 admittes
1284 4219 1465 4270 luriniilnen-

342 4281 389 4348 qui
402 4300 506 4333 monere
523 4283 622 4345 voluit,
633 4285 722 4354 pulsos
739 4295 766 4338 et
782 4289 868 4340 victo·
936 4287 1004 4338 dum.

342 4365 382 4397 res
397 4347 510 4417 obponi,
521 4361 551 4401 ut
561 4354 643 4402 victos
652 4362 679 4403 et
690 4356 809 4406 victores.
828 4356 869 4403 M.
968 4359 1115 4408 maritumis
1131 4361 1296 4426 eaeterisque.
1314 4351 1391 4406 Cous.
1403 4372 1466 4426 cap.-

374 4415 416 4464 rur
425 4453 433 4478 ,
452 4421 473 4466 si
490 4435 574 4486 snper.
592 4417 681 4471 lilinus
699 4418 761 4474 haee
776 4420 867 4475 enhae·
911 4447 915 4454 ·
939 4435 978 4472 12.
996 4423 1039 4475 M.
