2998 5320
295 484 298 496 Ι
347 363 447 460 236
761 397 1033 462 nasonicum.

401 601 575 674 Proxime
608 623 723 698 quum
757 601 866 676 Sestii
899 607 1033 700 rogatu
1053 599 1164 699 'apud
1190 623 1276 676 eum
1302 591 1458 676 fuissem
1492 607 1494 610 ’

352 725 679 819 exspectaremque
697 717 843 806 sedens,
868 719 990 814 quoad
1007 741 1180 809 vocarer,
1206 717 1338 794 dixisse
1353 745 1457 794 eumz
1492 755 1494 760 .

351 835 433 932 Ego
457 833 635 921 dudum,
677 836 762 930 quin
793 858 931 929 swnmo
956 837 995 904 ιἰι
1021 832 1099 905 odio
1123 837 1218 917 εἰιιι,
1262 861 1371 944 quarn
1397 835 1458 908 M.

353 949 477 1021 Cicero
501 947 643 1030 sedeat,
670 971 733 1019 nec
755 971 819 1018 suo
837 945 1016 1019 oomnwdo
1036 971 1092 1019 me
1109 951 1292 1072 conmenire
1306 951 1457 1046 possit?

352 1057 472 1160 Atqui
494 1063 528 1132 si
552 1063 737 1192 quisquam
770 1072 823 1132 est
840 1058 1001 1156 facilis,
1039 1058 1118 1132 tic
1136 1074 1189 1134 est
1227 1075 1346 1134 tanim
1379 1086 1457 1132 -ιιοιι
1489 1114 1494 1155 :

351 1172 470 1246 duhrto
486 1223 498 1263 ,
515 1177 605 1272 queit
629 1199 686 1247 me
709 1175 802 1248 mole
825 1173 949 1247 oderit.
975 1174 1050 1247 Cio
1075 1173 1214 1248 ibidem.

402 1381 561 1470 Aiebat,
586 1379 782 1454 Caesarem
808 1401 959 1470 secum,
986 1401 1060 1476 quo
1077 1385 1244 1477 ternpore
1262 1378 1370 1452 Sest'
1329 1386 1370 1452 tn
1390 1404 1461 1452 ro-

353 1505 445 1600 gato
472 1523 555 1571 vens
545 1498 617 1570 ad
636 1522 748 1586 eum,
787 1521 904 1595 quum
929 1505 1181 1596 exspectarem
1207 1497 1363 1586 sedens,
1397 1499 1457 1572 di·
1491 1505 1494 1508 ”

353 1615 475 1686 xisse:
508 1613 590 1711 Ego
615 1637 710 1684 nuno
735 1625 809 1684 tom
833 1638 902 1684 scm
927 1613 1082 1694 stul,tus
1121 1628 1160 1686 ιιι
1189 1609 1326 1684 buno
1309 1638 1457 1744 ipsum,

340 1729 446 1825 facil
442 1755 495 1802 em
522 1727 727 1810 hominem,
764 1723 885 1824 putem
910 1727 1002 1800 mihi
1025 1752 1100 1800 esse
1124 1731 1306 1834 ornicum,
1344 1753 1457 1824 quum

355 1845 494 1928 tarandro
517 1843 641 1918 sedens
671 1867 788 1916 meum
812 1843 1033 1922 commodum
1058 1829 1266 1942 exspectet?
1306 1844 1385 1926 Cic
1408 1845 1460 1918 od
1492 1869 1494 1876 ·

357 1957 600 2048 Atr.14,2.

408 2154 492 2244 Quo
518 2147 652 2248 gaudio
679 2148 825 2246 elatus,
850 2176 924 2226 non
942 2150 1184 2250 temperavit,
1210 2149 1299 2249 quin
1317 2174 1458 2250 paucos

358 2272 444 2366 post
471 2265 546 2338 dies
564 2264 746 2366 frequenti
770 2267 871 2340 curia
888 2268 1069 2364 iactaret,
1098 2269 1223 2359 invitis
1249 2273 1287 2341 el
1304 2292 1458 2368 gemen-
1493 2255 1494 2262 ἵ

357 2382 458 2457 tibus
477 2380 693 2453 adversariis
716 2380 891 2480 adeptum
909 2407 947 2454 se
964 2407 1058 2478 quae
1084 2383 1334 2480 concupisset:
1367 2405 1458 2480 pro·-
1488 2391 1494 2482 J

358 2500 441 2572 inde
476 2521 522 2570 ex
554 2521 598 2570 eo
631 2497 896 2570 insultaturum
932 2499 1099 2570 omniurn
1132 2499 1339 2596 capitibus:
1382 2523 1456 2584 ac,
1491 2505 1494 2596 J

358 2623 518 2715 negante
545 2614 706 2713 quodam
732 2639 797 2714 per
822 2615 1111 2705 contumeliam,
1149 2617 1269 2691 Facile
1302 2616 1369 2690 lroo
1394 2619 1461 2690 ulli
1491 2619 1494 2628 ⁴

343 2729 511 2827 semim
520 2729 630 2823 fine:
661 2729 890 2826 responderit
919 2731 1020 2828 quasi
1040 2729 1233 2804 adludens:
1252 2737 1289 2804 in
1304 2733 1459 2832 Assyrio
1492 2793 1493 2800 ,

358 2872 498 2945 quoque
523 2871 691 2944 regnasse
716 2845 947 2930 Samiramim
971 2865 1209 2946 magnamque
1238 2848 1349 2922 Asiae
1369 2875 1459 2946 por·
1492 2859 1493 2896 r

334 2973 429 3034 ¹tem
447 2960 653 3032 Amazonas
678 2949 831 3034 terarisse
856 2961 1043 3059 quondam.
1070 2957 1162 3036 Soet.
1187 2989 1219 3034 o.
1246 2987 1307 3036 22.

408 3146 618 3221 Pharsalica
644 3149 722 3224 acie
754 3173 880 3226 caesos
910 3146 1196 3248 profligatosque
1233 3144 1460 3219 adversarios
1491 3205 1492 3216 ι

360 3263 668 3360 prospicientem,
702 3263 820 3336 haec
820 3288 905 3336 eurn
932 3264 979 3335 ad
1008 3263 1162 3334 verbum
1189 3260 1320 3333 dixisse
1347 3261 1492 3336 refert

362 3380 511 3460 Asinius
528 3379 669 3452 Pollio:
707 3380 788 3460 Hoc
804 3405 845 3456 ro
847 3381 1007 3460 luerunt,
1040 3382 1148 3450 tontes
1166 3377 1274 3450 rodus
1280 3378 1492 3476 gestisC

361 3495 497 3566 Caesar
520 3495 770 3566 condemnatus
794 3519 930 3582 essem,
963 3495 1034 3564 nisa
1029 3489 1092 3564 ob
1109 3496 1267 3565 exercitu
1285 3491 1392 3572 auxil
1387 3496 1461 3562 ιἰιηι
1488 3519 1491 3614 p

361 3612 536 3704 petissem.
561 3604 652 3683 Soet.
677 3633 711 3680 c.
736 3609 797 3684 30
1490 3645 1491 3724 l

414 3803 714 3899 Consecutusque
748 3799 920 3874 cohortes
954 3799 1004 3873 ad
1033 3800 1265 3872 Rubiconem
1300 3796 1460 3888 flumen,

250 3975 254 3986 .
364 3919 429 4015 qui
455 3918 665 4016 provinciae
700 3915 884 3987 eiusfinis
911 3921 1016 3999 erat,
1063 3913 1268 4018 paullulum
1294 3915 1460 3984 constitit

285 4055 288 4064 ¹
365 4059 410 4107 ao
428 4039 627 4131 reputans,
654 4037 836 4128 quantum
854 4029 1070 4116 moliretur,
1097 4053 1298 4102 conversus
1315 4030 1362 4100 ad
1380 4053 1460 4128 pro·
1489 4059 1490 4094 l

333 4172 504 4236 ·x1mos,
530 4148 650 4218 Etiam
664 4173 784 4234 nunc,
810 4145 954 4241 iuquit,
981 4145 1125 4243 regredo
1133 4167 1335 4240 possumus
1363 4142 1461 4242 erod

365 4287 398 4332 so
394 4262 636 4358 ponticulum
649 4264 911 4352 transieramus,
937 4263 1054 4335 omaro
1070 4263 1181 4335 armis
1195 4257 1333 4359 agenda
1350 4268 1457 4331 erunt.

367 4373 459 4456 Suet.
486 4403 516 4450 c.
530 4379 604 4453 δι.
1488 4367 1489 4410 l
