2998 5320
347 443 435 550 ¹74
618 458 674 518 m:
709 459 843 520 nunno
880 409 1143 544 ulsrnuuousl
1247 479 1251 487 ·

340 653 501 730 suntab
528 655 670 756 oppidis
703 665 869 751 remota,
913 660 1079 736 turribus
1113 664 1152 732 et
1177 656 1438 732 munitionibus

338 769 546 868 retinentur
571 775 626 860 et,
662 771 760 846 sicut
785 774 823 846 in
848 775 997 865 Africa,
1028 773 1183 862 rudere,
1208 795 1282 843 non
1308 771 1438 871 tegulis

268 971 272 976 Ι
340 889 539 980 teguntur;
565 884 747 983 simulque
763 889 802 960 in
819 888 876 961 his
894 889 1031 963 habent
1050 877 1214 988 speculas
1232 894 1270 960 et
1289 893 1435 986 propter

339 997 576 1078 altitudinem
608 999 717 1100 longe
749 1001 897 1100 lateque
922 1006 1162 1104 prospiciunt.
1190 1005 1312 1076 -ltcm
1340 1002 1436 1100 oppi-

340 1115 647 1216 dorummagna
680 1141 765 1217 pars
796 1121 873 1191 eius
908 1122 1120 1218 provinciae
1154 1119 1344 1192 montibus
1369 1117 1438 1190 tere

340 1234 486 1306 munita
504 1238 543 1306 et
561 1239 694 1306 natura
721 1233 987 1307 excellentibus
1012 1235 1104 1308 locis
1130 1241 1186 1308 est
1219 1235 1441 1322 constituta,

341 1351 386 1418 ut
411 1343 522 1418 simul
548 1344 671 1418 aditus
697 1331 966 1445 adscensusque
991 1347 1127 1420 babeat
1157 1343 1336 1418 difficiles.
1385 1345 1438 1416 lta

345 1461 393 1532 ab
419 1460 756 1561 obpugnationibus
778 1469 911 1535 natura
936 1462 1008 1534 loci
1028 1463 1271 1555 distinemur,
1299 1467 1340 1532 ut
1357 1459 1439 1532 civi·

335 1581 445 1652 ¹tates
480 1577 677 1674 Hispaniae
707 1600 781 1651 nou
811 1577 917 1650 facile
944 1579 990 1650 ab
1016 1579 1123 1652 hoste
1149 1581 1368 1678 capiantur:
1405 1572 1440 1648 id

341 1690 447 1790 ¹quod
471 1692 510 1763 in
535 1691 607 1763 lmc
642 1691 801 1790 contigit
826 1691 935 1764 bello.
985 1694 1108 1784 Nam,
1147 1696 1210 1767 ubi
1236 1696 1335 1768 inter
1360 1693 1439 1765 Ate·

260 1814 262 1818 ’
348 1829 463 1906 gnam
489 1812 528 1888 et
551 1805 733 1890 Ucubim,
760 1827 854 1904 quae
881 1808 1015 1906 oppida
1040 1835 1150 1908 supra
1176 1817 1263 1883 sunt
1290 1810 1440 1907 scripta,

343 1923 543 2020 Pompeius
560 1920 692 1994 habuit
709 1927 832 1994 castra
851 1925 1056 1997 constituta
1073 1926 1111 1998 in
1130 1931 1334 2024 conspectu
1358 1924 1439 1995 dno·

280 2105 283 2114 .
344 2063 431 2114 rom
449 2035 695 2138 oppidorum,
734 2036 780 2108 ab
806 2035 881 2116 suis
911 2038 1041 2111 castris
1067 2039 1217 2112 circiter
1240 2039 1342 2112 milia
1367 2063 1439 2137 pas·

345 2180 455 2231 sunm
473 2151 644 2252 'quatuor
660 2175 813 2252 grumos
839 2157 895 2224 est
920 2150 1102 2227 excellens
1120 2161 1275 2243 natura,
1307 2153 1368 2251 qui
1385 2149 1438 2224 ad·

345 2268 507 2370 pellatur
532 2273 653 2340 castra
678 2265 942 2338 postumanias
976 2265 1026 2338 ibi
1054 2268 1221 2364 praesidii
1240 2291 1371 2341 caussa
1387 2289 1438 2337 ca·

243 2471 255 2480 ῃ
345 2380 492 2454 stellum
518 2378 653 2452 Caesar
678 2379 809 2452 habuit
834 2379 1096 2453 constitutum.

395 2517 431 2588 9.
457 2492 671 2593 Pompeius,
705 2493 766 2588 qui
794 2491 923 2564 eodem
950 2493 1037 2591 iugo
1064 2493 1261 2591 tegebatur
1288 2491 1359 2565 loci
1384 2513 1440 2560 na·

346 2611 435 2680 lura
453 2610 513 2694 et,
546 2604 646 2701 quod
662 2613 849 2677 remotum
867 2611 948 2677 erat
967 2631 988 2678 a
1006 2609 1136 2678 castris
1152 2607 1346 2700 Caesaris,
1369 2601 1440 2676 ani·

294 2763 297 2780 ·
347 2715 609 2791 madvertebat
633 2715 703 2811 loci
741 2713 1024 2806 difficultatem,
1062 2725 1125 2808 et,
1167 2717 1267 2814 quod
1299 2713 1439 2788 flumine

344 2831 453 2905 ¹Salso
479 2829 826 2922 intercludebatur,
859 2855 933 2904 non
959 2855 1036 2905 esse
1061 2833 1346 2904 commissurum
1362 2829 1440 2901 Cae·

350 2971 472 3020 sarem
491 2952 534 3018 ut
556 2947 593 3018 in
612 2953 716 3019 tanta
742 2947 815 3019 loci
841 2944 1060 3020 difficultate
1078 2949 1125 3022 ad
1144 2949 1348 3030 subsidium
1365 2944 1441 3017 sub-

347 3061 571 3140 mittendum
598 3085 636 3132 se
661 3063 841 3134 mitteret.
875 3065 950 3135 lsta
977 3064 1092 3137 fretus
1118 3067 1316 3163 opinione,
1341 3061 1440 3136 tertia
1476 3093 1478 3102 ·

350 3174 476 3277 vigilia
499 3173 715 3274 profectus,
756 3175 950 3250 castellum
977 3178 1190 3279 obpugnare
1216 3178 1365 3276 coepit,
1401 3174 1439 3242 ui

382 3454 524 3508 retinentur
536 3448 569 3501 ab
580 3446 673 3500 incolis
684 3447 712 3500 in
725 3452 864 3517 potestate,
932 3444 1081 3500 eruendum.
1090 3453 1129 3497 est
1146 3465 1161 3498 e
1176 3445 1310 3516 superiore
1331 3435 1440 3496 animad-

349 3517 533 3570 deseuduntur.
559 3515 602 3566 M.
836 3537 842 3542 ·
932 3515 1052 3563 vertetur.
1074 3513 1116 3563 M.

381 3585 481 3634 rudere.
512 3581 540 3632 B.
558 3579 634 3633 Alex.
651 3599 672 3632 c.
693 3597 716 3630 1.
739 3579 783 3632 M.
966 3580 1000 3629 ud
1032 3578 1166 3628 subsidium
1198 3572 1389 3628 submittendum
1417 3583 1440 3616 se

380 3651 533 3700 ‹Hstimntur
550 3646 646 3698 hostes.
669 3647 707 3696 M.
932 3649 1052 3695 mitteret·
1068 3641 1142 3696 ‘Mira
1154 3643 1279 3713 loquendi
1291 3642 1372 3696 ratio,
1389 3651 1441 3687 cum

344 3711 350 3722 '¹
380 3719 412 3766 nb
428 3715 510 3766 hoste.
527 3713 582 3769 Alii
597 3715 628 3764 ab
645 3711 765 3762 hostibus.
933 3712 1019 3778 potins
1037 3712 1168 3761 donnum
1186 3728 1213 3760 se
1231 3708 1263 3760 ad
1279 3707 1369 3760 duram
1384 3717 1441 3752 con·

380 3783 408 3832 id
424 3781 493 3858 quod
510 3785 537 3832 in
554 3780 581 3828 b.
597 3783 701 3849 contigit
717 3779 792 3830 bello.
815 3779 861 3831 Sic
932 3777 1060 3828 ditionem
1091 3775 1212 3837 dicatur,
1240 3777 1289 3843 qui
1317 3767 1441 3824 difficilem

348 3847 470 3900 Clnrlrus
487 3867 500 3898 e
517 3846 591 3899 codd.
624 3846 667 3896 cf.
693 3853 749 3896 not.
776 3846 810 3899 nd
835 3848 865 3901 C.
933 3861 987 3894 rem
1005 3844 1123 3912 suscipit,
1142 3837 1353 3958 scguetpericulo
1370 3850 1441 3900 expo·

347 3919 380 3974 3,
399 3918 439 3979 43.
470 3913 524 3966 Vul
540 3933 556 3962 o
572 3913 641 3978 quod
657 3913 756 3965 accidit.
933 3911 982 3961 nit.
1011 3909 1063 3962 Sed
1088 3911 1116 3959 in
1142 3928 1172 3960 on
1193 3945 1199 3958 .
1246 3924 1299 3958 orv.
1317 3913 1343 3955 et
1359 3901 1440 3951 Peon

379 3999 492 4049 grumus.
521 3982 522 3985 ’
538 3979 617 4037 .lnd.
632 3979 748 4047 Etymou
765 3979 867 4032 Nouius
933 3975 1025 4044 legitur
1035 4014 1042 4035 ,
1054 3976 1088 4025 od
1095 3976 1231 4025 subsidium
1239 3977 1348 4029 venirem
1362 3981 1441 4034 qutun·

350 4048 430 4099 niam.
447 4047 519 4100 duoit
541 4065 556 4097 a
576 4051 691 4115 congerie
710 4055 736 4096 et
752 4065 867 4114 aggerem
951 4061 1011 4093 unm
1022 4059 1070 4092 nec
1082 4041 1131 4092 hoa
1143 4042 1204 4092 satis
1217 4039 1343 4090 Latinum
1355 4040 1399 4084 est·
1407 4027 1440 4077 M·

349 4114 543 4182 interpretatur.
582 4114 739 4163 Grumorum
756 4115 866 4164 tumulos
959 4108 989 4160 lii
997 4109 1215 4171 committendum,
1227 4123 1254 4156 se
1265 4109 1381 4155 mitteret.
1394 4097 1440 4171 fere

346 4180 416 4235 ,dicit
431 4180 533 4232 Vitruv.
558 4181 590 4239 8,
614 4181 638 4234 3.
660 4178 691 4231 V·
711 4187 738 4233 et
758 4180 828 4232 iufra
843 4197 866 4230 c.
933 4184 963 4226 ut
987 4175 1076 4230 Germ.
1100 4175 1153 4225 sicle
1179 4171 1334 4224 eusebiolum.
1375 4161 1440 4214 Abas

348 4256 391 4309 24.
929 4241 1002 4310 senno
1029 4259 1082 4306 ses
1098 4242 1162 4292 duro
1194 4257 1237 4298 se,
1257 4245 1388 4303 reportare
1409 4243 1439 4276 ⁸⁰·

381 4313 427 4378 qui
442 4312 536 4367 eodem.
567 4307 621 4361 Alii
636 4309 712 4377 quod.
933 4307 976 4360 Cl'.
995 4325 1050 4386 cap.
1069 4316 1092 4370 4.
1138 4305 1191 4360 Sed
1211 4303 1284 4356 eliud
1306 4301 1348 4352 hic
1363 4296 1438 4350 latet,

346 4427 352 4435 ,
382 4378 602 4431 intercludebatur.
621 4373 805 4428 Post'verbum
816 4373 866 4426 lsoc
934 4372 1005 4426 Oud.
1024 4372 1120 4424 lodice.

349 4442 550 4512 intelligendum
574 4443 623 4495 erit
635 4479 642 4500 ,
655 4444 780 4510 putabar,
796 4441 869 4510 quod
966 4439 1097 4492 castellum
1118 4439 1174 4508 obp.
1195 4441 1274 4508 coepit
1294 4442 1341 4489 en.
1379 4426 1438 4480 Ηθθ(
