2998 5320
313 331 401 462 176
592 365 646 426 nn
680 363 814 424 nunno
849 350 1112 424 rusmnrsusr

310 571 433 640 castra
457 539 623 662 Pompeii
649 586 695 636 ex
721 559 856 662 oppido
881 562 1101 658 portabant;
1128 585 1175 636 ex
1198 560 1243 636 ils
1265 541 1421 661 capli‘ls

311 695 398 756 'curn
426 681 601 754 iumentis
619 679 665 752 ad
685 686 813 754 nostra
832 677 983 752 adducti
1004 684 1091 753 sunt
1109 683 1244 752 castra.
1268 677 1415 750 Eodem

312 797 370 872 die
398 801 443 890 Q.
460 798 643 884 Marcius,
672 796 858 869 Tribunus
880 793 1042 868 militum
1069 795 1133 892 qui
1160 793 1288 868 fuisset
1306 795 1421 866 Pom-

309 912 407 1010 peii,
447 910 493 982 ad
521 933 587 981 nos
612 909 836 1007 transfugit,
879 915 917 998 et
944 911 1063 982 noctis
1088 907 1200 981 tertia
1227 907 1351 1006 vigilia
1375 906 1423 994 ⁸in

311 1023 449 1122 oppido
476 1024 656 1096 acerrime
682 1029 889 1122 pugnatum
918 1030 994 1114 est,
1031 1025 1230 1123 ignemque
1254 1019 1423 1094 multum

286 1125 290 1134 ’
310 1132 511 1228 miserunt,
540 1141 592 1212 sic
610 1143 653 1211 ut
670 1163 780 1210 omne
793 1161 928 1239 genus,
955 1139 1088 1236 quibus
1102 1139 1196 1238 ignis
1214 1135 1279 1236 per
1297 1138 1423 1209 iactus
1447 1161 1451 1175 ·

312 1254 443 1330 solitus
469 1260 526 1328 est
551 1254 674 1342 mitti,
704 1260 952 1328 exerceretur.
989 1255 1071 1328 Huc
1098 1256 1298 1353 praeterito
1324 1261 1422 1328 tem·

314 1390 431 1468 pore,
470 1369 512 1442 C.
538 1367 774 1453 Fundanius,
818 1369 940 1465 Eques
965 1370 1184 1458 Romanus,
1216 1389 1262 1440 ex
1288 1367 1424 1440 castris

313 1481 612 1554 adversariorum
638 1481 685 1553 ad
710 1505 777 1553 nos
803 1481 1015 1581 transfugit.
1083 1488 1085 1492 ’

371 1623 429 1670 12.
453 1599 607 1671 Postero
626 1596 684 1669 die
702 1621 749 1669 ex
769 1595 912 1697 legione
938 1595 1140 1670 vernacula
1165 1592 1302 1669 milites
1328 1599 1422 1668 sunt

316 1716 416 1812 eapti
435 1713 481 1785 ab
500 1713 685 1810 equitibus
704 1714 838 1786 nostris
856 1713 956 1798 duo,
983 1714 1046 1810 qui
1064 1713 1262 1798 dixerunt,
1290 1737 1329 1786 se
1346 1737 1428 1786 sere

319 1849 389 1898 vos
416 1849 505 1898 esse.
531 1829 658 1917 Quum
684 1828 873 1917 venirent,
898 1827 1039 1926 cogniti
1064 1833 1153 1901 sunt
1177 1851 1200 1900 a
1225 1825 1428 1916 militibus,

321 1945 386 2040 qui
411 1949 521 2032 antea
549 1965 636 2014 curn
661 1941 777 2014 Fabio
803 1949 842 2016 et
867 1944 980 2016 Pedio
1007 1943 1155 2018 fuerant
1180 1950 1260 2017 eta
1285 1943 1427 2017 Trebo-

319 2043 384 2133 nio
418 2057 705 2157 transfugerant.
755 2057 817 2130 Eis
851 2057 898 2130 ad
930 2057 1194 2158 ignoscendum
1233 2057 1333 2131 nulla
1368 2065 1429 2132 est

325 2169 413 2246 data
439 2170 596 2244 facultas
621 2176 661 2244 et
685 2195 707 2242 a
731 2169 910 2244 militibus
943 2173 1078 2248 nostris
1110 2169 1293 2245 interfecti
1324 2178 1427 2244 sunt.

320 2288 426 2360 Idem
460 2287 639 2386 temporis
672 2288 772 2385 capti
798 2287 1004 2377 tabellarii,
1042 2288 1106 2385 qui
1131 2313 1155 2360 a
1179 2287 1353 2362 Corduba
1381 2289 1431 2360 ad

324 2402 544 2500 Pompeium
570 2401 669 2474 missi
688 2407 794 2474 erant
811 2417 1076 2499 perperamque
1094 2400 1140 2474 ad
1158 2407 1279 2476 castra
1298 2407 1429 2474 nostro

327 2521 595 2614 pervenerant,
621 2515 791 2612 praecisis
805 2517 976 2588 manibus
994 2515 1092 2588 missi
1111 2521 1199 2587 sunt
1217 2515 1317 2588 facti.
1342 2515 1429 2586 Pari

327 2627 618 2719 consuetudine,
649 2629 775 2729 vigilia
796 2629 958 2702 secunda
976 2654 1021 2702 ex
1035 2627 1169 2728 oppido
1189 2631 1314 2729 ignem
1331 2628 1433 2701 mul·-¹

329 2750 414 2816 tum
440 2743 672 2840 telorumque
698 2743 975 2816 multitudinem
1000 2743 1200 2832 iactando,
1236 2745 1328 2815 bene
1355 2757 1433 2812 ma·

328 2869 444 2958 'gnum
460 2867 607 2958 tempus
624 2866 907 2932 consumserunt
925 2857 1206 2956 compluresque
1220 2855 1433 2929 vulneribus

330 2973 557 3045 adfecerunt.
607 2975 811 3046 Praeterito
838 2975 957 3046 noctis
983 2979 1173 3070 tempore,
1199 2972 1430 3068 eruptionem

330 3090 369 3161 in
395 3087 577 3188 legionem
603 3095 748 3184 sextam
767 3087 962 3178 fecerunt,
990 3111 1108 3185 quum
1125 3089 1163 3160 in
1182 3109 1291 3184 opere
1316 3084 1434 3157 nostrl

332 3201 482 3276 distenti
509 3208 630 3274 essent
654 3203 863 3300 acriterque
885 3215 1053 3302 pugnare
1080 3205 1306 3298 coeperunt:
1342 3215 1435 3294 quo·

332 3343 417 3396 rum
443 3321 500 3392 vis
525 3343 690 3417 repressa
714 3345 736 3392 a
762 3319 922 3410 nostris,
954 3320 1023 3390 etsi
1049 3317 1220 3416 oppidani
1248 3317 1435 3414 superiore

222 3496 224 3502 s
331 3430 415 3506 luco
443 3430 747 3507 defendebantur.
798 3435 856 3518 li,
896 3455 1013 3531 quum
1048 3430 1281 3529 eruptionem
1314 3425 1436 3500 fauere

368 3633 396 3682 in
412 3629 515 3700 oppido.
555 3628 664 3697 Ategua.
689 3627 785 3679 Forsan
802 3623 856 3694 leg.
955 3624 1020 3674 islam
1037 3626 1165 3740 tergoris.
1204 3621 1248 3674 sie
1266 3620 1342 3674 codd.
1364 3630 1391 3674 et
1413 3636 1437 3676 er

340 3709 373 3750 en
390 3697 490 3766 oppidor
921 3690 947 3742 3.
965 3699 991 3740 et
1008 3707 1049 3740 no.
1107 3689 1166 3758 ulgo
1188 3689 1286 3740 Eodem
1302 3702 1422 3756 tempora.

373 3805 445 3840 omne
485 3805 531 3838 nur
546 3785 703 3851 (telorum),
720 3787 808 3854 quibus
816 3812 857 3836 -.
961 3756 1023 3809 ΡΜ
1039 3757 1232 3814 ⁶⁰¹¹⁸¹⁴⁶ffldl²¹0=
1249 3773 1302 3825 ‘1²¹³
1318 3765 1345 3808 el
1361 3765 1439 3809 init!

339 3847 383 3906 αἱ
401 3845 429 3908 B,
447 3807 490 3906 ᾖ
511 3850 744 3918 14dem3113010,
783 3852 824 3902 Μ,
923 3825 964 3876 usi
981 3831 1071 3888 erant,
1088 3831 1110 3874 c.
1130 3839 1169 3872 rr.

340 3921 458 3975 Verbum
486 3931 644 3972 concurretur
671 3918 744 3970 dedit
768 3918 858 3970 Davis.
957 3895 1085 3956 ‘ademi‘
1105 3888 1161 3939 1⁰⁶⁰
1182 3885 1284 3958 defend·
1303 3889 1361 3956 i9⁵¹²
1377 3885 1437 3940 ‘¹1²¹‘

341 3988 430 4042 euod-
446 3987 551 4038 Norvic.
577 3995 604 4038 et
626 4005 640 4036 e
664 3984 752 4036 Peter.
788 3983 859 4038 oud.
923 3956 991 4034 ²⁰d0,
1006 3955 1073 4022 ¹⁰⁰¹,
1094 3975 1109 4007 θ
1130 3973 1183 4024 (1¹¹⁰
1205 3953 1372 4032 Pugssfflbanh
1394 3952 1439 4004 dd·

925 4024 1070 4074 sensionem
1093 4039 1182 4073 eorum
1212 4021 1354 4074 faciliorem
1381 4019 1440 4072 red⁴

925 4089 1005 4141 debat
1017 4089 1136 4140 adversus
1154 4089 1254 4146 hostes,
1273 4089 1302 4138 in
1319 4088 1441 4138 inferiore

924 4155 983 4208 loco
1000 4156 1092 4207 urbem
1109 4154 1299 4224 obpugnantes.
1333 4155 1376 4204 M.

959 4225 996 4280 Ii,
1009 4241 1093 4291 quum.
1112 4222 1156 4274 sie
1169 4221 1258 4272 Davis.
1271 4239 1285 4274 e
1298 4220 1352 4272 eud.
1363 4219 1441 4270 Norr.

377 4307 431 4340 arm
452 4291 542 4341 Fabio.
577 4289 632 4342 Alii
654 4289 755 4351 Badio,
781 4289 860 4341 Babio
926 4289 1071 4356 Legebatur
1087 4291 1161 4360 prius
1178 4287 1220 4350 L,
1237 4287 1255 4341 i.
1272 4307 1294 4340 e.
1312 4287 1440 4356 quinqua·

345 4364 395 4409 etc¹
411 4356 481 4411 Dein
492 4357 540 4428 leg.
557 4357 646 4414 forsan
656 4376 710 4410 curn
724 4357 860 4413 licionio.
891 4358 894 4364 '
927 4359 1033 4430 ginta·

842 4441 849 4468 t

342 4053 416 4115 Alii,
444 4056 541 4106 omisso
564 4051 662 4118 verbo,
685 4052 774 4121 legunt
797 4058 859 4102 sicut

330 4121 371 4172 'at
384 4139 456 4172 omne
471 4119 560 4188 genias.
593 4120 626 4172 ln
642 4138 705 4173 voce
721 4119 808 4188 quous
820 4127 860 4172 est

344 4186 484 4256 synthesis.
