3100 5316
811 191 816 237 X
1040 195 1045 230 ἱ
1097 181 1099 188 ,

369 337 433 432 58
563 371 602 430 n.
638 359 775 430 nrnrn
810 361 866 430 md
902 367 1036 431 annuo
1070 359 1289 430 ausurum

366 577 545 668 versarii,
570 575 786 652 verebatur.
821 575 934 650 Ponit
948 573 993 648 ad
1012 561 1140 652 Uliam
1158 578 1282 648 castra
1296 570 1482 671 Lepidus,

366 717 485 792 neque
511 691 674 766 habeta
700 688 879 764 Marcello
906 690 1111 787 quidquam
1137 687 1260 762 divisi.
1320 689 1376 760 Ne
1406 709 1482 786 pu·-

366 814 526 908 gnetur,
558 805 779 880 interdicitr
815 803 864 877 ad
896 802 1108 878 exeundum
1142 802 1310 876 Cassium
1341 801 1485 874 irrvitat

364 923 550 1022 fidemque
584 945 692 996 suam
725 921 765 994 in
797 945 838 992 re
874 920 974 996 omni
1006 919 1226 1018 interponit·
1265 920 1394 1012 Quum
1418 918 1485 992 diu

358 1027 572 1114 dubitasset
586 1035 752 1124 Cassius,
767 1032 856 1130 quid
874 1033 942 1106 sibi
961 1033 1173 1107 faciendum
1188 1031 1325 1131 quidve
1339 1031 1483 1130 Lepido

368 1162 465 1228 esset
482 1149 727 1238 credendum
745 1174 867 1247 neque
886 1147 1006 1222 ullum
1023 1149 1167 1222 exitum
1186 1145 1329 1222 consilii
1346 1150 1403 1220 sui
1421 1173 1486 1222 re-

365 1270 522 1370 periret,
541 1267 571 1338 si
589 1271 824 1364 permaneret
841 1265 880 1336 in
899 1263 1100 1350 sententia3
1118 1261 1303 1362 postulat,
1321 1264 1375 1334 uti
1396 1287 1486 1334 mu·

366 1383 528 1456 uitiones
542 1379 800 1454 disiicerentur
813 1377 956 1475 sibique
968 1376 1064 1452 liber
1078 1377 1200 1450 exitus
1214 1375 1379 1450 daretur.
1397 1377 1486 1450 Non

366 1505 521 1575 tantum
533 1495 690 1572 induciis
704 1495 834 1584 factis,
847 1495 911 1568 sed
924 1518 1040 1596 prope
1054 1493 1127 1566 iam
1146 1495 1354 1568 constituta
1368 1520 1486 1594 opera

367 1642 486 1716 quum
502 1615 795 1716 complanarent,
811 1613 1075 1710 custodiaeque
1091 1612 1344 1704 mupitionum
1359 1620 1486 1688 essent

368 1730 570 1820 deductae,
604 1730 742 1802 auxilia
764 1729 876 1828 Regis
913 1728 952 1800 in
990 1725 1027 1798 id
1066 1724 1263 1800 castellum
1299 1727 1486 1820 Marcelli,

368 1845 469 1942 quod
483 1842 695 1942 proximum
710 1851 791 1916 erat
800 1842 925 1943 Regiis
939 1842 1089 1930 castris,
1103 1865 1223 1940 neque
1242 1843 1484 1942 opinantibus

371 1959 565 2045 omnibuS,
590 1957 620 2030 si
644 1959 825 2030 tamenin
842 1955 1014 2030 omnibus
1040 1955 1114 2030 fuit
1134 1957 1302 2046 Cassius,
1328 1981 1415 2028 nam
1436 1957 1483 2031 de

373 2071 484 2144 buius
521 2071 748 2144 conscientia
788 2073 1059 2157 dubitabatur,
1103 2071 1274 2170 inpetum
1312 2069 1484 2146 fecerunt

369 2187 653 2288 compluresque
671 2188 721 2262 ibi
738 2187 874 2261 milites
890 2188 1166 2287 obpresserunt.
1200 2185 1397 2280 Quodnisi
1418 2213 1483 2260 ce·
1540 2273 1541 2278 η

369 2301 517 2393 leriter,
539 2301 792 2402 indignatione
810 2309 848 2376 et
863 2301 1003 2376 auxilio
1020 2301 1169 2400 Lepidi,
1187 2300 1370 2402 proelium
1386 2313 1483 2376 esset
1540 2329 1541 2342 ¹

374 2413 598 2504 diremtum,
620 2417 738 2490 maior
760 2415 954 2490 calamitas
973 2423 1069 2494 esset
1090 2423 1258 2516 accepta.
1540 2411 1541 2480 l

326 2523 336 2548 ⁸
424 2531 486 2616 64.
515 2533 642 2623 Quum
681 2531 753 2604 iter
783 2531 908 2604 Cassio
939 2531 1171 2630 patefactum
1203 2518 1322 2620 esset,
1356 2535 1485 2604 castra

369 2642 569 2716 Marcellus
596 2667 683 2716 cum
711 2643 852 2742 Lepido
883 2645 1090 2747 coniungit.
1161 2642 1323 2742 Lepidus
1349 2642 1484 2716 eodem

371 2763 561 2856 tempore,
578 2758 849 2856 Marcellusque
866 2758 1103 2849 Cordubam,
1127 2762 1275 2836 Cassius
1287 2783 1374 2832 curn
1389 2761 1485 2849 suis,

371 2875 619 2972 proficiscitur
644 2877 882 2950 Carmonam.
935 2875 1013 2950 Sub
1038 2877 1137 2950 idem
1164 2883 1313 2976 tempus
1342 2877 1485 2950 Trebo-

370 2991 456 3064 nius
472 2989 677 3066 Proconsul
702 2989 750 3066 ad
766 2991 999 3091 provinciam
1018 2975 1391 3068 obtinendam‘venit
1425 2997 1485 3068 De
1539 3075 1540 3104 ,

371 3109 478 3184 cuius
504 3107 671 3182 adventu
697 3113 741 3182 ut
767 3107 947 3208 cognovit
973 3107 1141 3200 Cassius,
1171 3107 1357 3212 legiones,
1387 3135 1486 3208 quas

371 3244 500 3294 secum
525 3221 726 3314 babuerat,
745 3224 1028 3320 equitatumque
1045 3224 1084 3296 in
1100 3223 1253 3298 hiberna
1273 3224 1486 3299 distribuit:
1539 3207 1540 3231 ¹

370 3337 464 3436 ipse,
490 3339 663 3412 omnibus
688 3339 765 3412 suis
789 3337 901 3412 rebus
927 3337 1098 3414 celeriter
1123 3343 1332 3442 comptis,
1358 3342 1485 3415 Mala·

372 3475 456 3522 cam
482 3451 696 3540 contendit3
729 3451 855 3550 ibique
888 3451 1044 3528 adverso
1077 3461 1248 3556 tempore
1281 3457 1485 3557 navigandi

370 3711 428 3768 tui
451 3733 514 3768 vero
536 3715 673 3769 Caesarem
696 3716 818 3770 babuerit
843 3717 894 3771 ali-
955 3722 1100 3774 constituta
1116 3721 1144 3773 b.
1161 3717 1181 3774 l.
1198 3733 1294 3784 eruut,
1340 3736 1404 3796 rope
1427 3727 1485 3779 iarn

370 3781 495 3852 quamdiu
511 3781 670 3843 obsessum,
689 3787 817 3863 quoniam
832 3805 894 3838 con-
957 3785 1076 3840 absoluta
1105 3799 1133 3841 et
1160 3791 1285 3860 perlecta.
1352 3793 1374 3843 it
1401 3794 1485 3860 igitur

370 3859 411 3902 tra
428 3849 576 3917 Longinum
594 3861 739 3920 pugnar1t3
757 3853 895 3906 tamenab
957 3856 1085 3924 exemplis
1101 3875 1181 3926 opus,
1207 3858 1306 3928 quibus
1322 3857 1385 3912 baec
1402 3859 1484 3913 buius

369 3917 525 4036 potandem
543 3917 646 4036 plappto
661 3915 760 3972 cultum
782 3918 895 3974 binom-
956 3921 1080 4040 ppraseos
1112 3923 1268 3992 significatis
1303 3923 1482 3978 confirmetur.

383 4003 428 4034 um
450 4003 562 4038 ncesse.
616 4021 623 4034 .
992 4026 998 4039 .

402 4003 448 4102 soll
461 4069 543 4120 prope
559 4077 593 4090 ··-
607 4051 806 4122 complanarent.
829 4055 893 4116 An,
992 4057 1158 4108 Car-monum.
1175 4056 1254 4108 Cous.
1270 4076 1328 4128 cap·
1347 4065 1389 4124 57·
1410 4059 1482 4111 lllalc

370 4119 415 4168 sat
435 4135 515 4186 prope
541 4123 594 4170 iam
617 4126 754 4171 mutiana
778 4128 821 4182 ἡ,
851 4138 893 4240 op.
955 4123 1020 4176 libri
1035 4133 1135 4176 veteres
1159 4123 1311 4178 Narbomm
1327 4145 1349 4176 s.
1371 4127 1482 4181 Naubo-

335 4197 339 4204 “
369 4201 445 4252 qurum
465 4186 554 4254 compl.
576 4185 604 4238 b.
629 4206 652 4240 e.
675 4205 736 4240 cum
761 4206 843 4258 prope
879 4208 894 4241 e
956 4208 1017 4241 nam
1034 4189 1180 4241 exhibent:
1208 4209 1257 4243 nac
1276 4191 1360 4262 placet
1386 4193 1482 4248 Norba
1537 4245 1538 4248 ,

370 4253 444 4302 omui
467 4255 642 4307 controversia
668 4257 721 4307 iam
747 4257 892 4309 consensis·
956 4255 1123 4319 Illisllioani,
1148 4256 1224 4328 longe
1241 4257 1305 4312 binc
1325 4259 1359 4312 ad
1378 4261 1481 4329 Tagum
1537 4307 1538 4310 ,

371 4326 431 4367 sent
453 4327 479 4370 et
502 4322 662 4373 munitiones
686 4317 892 4391 complanarent.
953 4332 1062 4376 morou.
1081 4323 1283 4391 BencSoaliper,
1306 4327 1481 4392 Cumanam,
1537 4325 1538 4380 l

240 4423 248 4433 .
371 4379 452 4452 Quod
480 4387 533 4439 nisi
556 4385 671 4456 placcat,
701 4407 781 4458 opera
808 4409 893 4460 propa
955 4407 1033 4461 quem
1045 4389 1316 4461 plorssssrutisont.
1328 4394 1468 4446 Celtarum.
1537 4381 1538 4453 l
