3044 5316
347 361 412 464 '44
536 373 577 437 s.
611 372 752 451 nmen
786 371 842 434 os
877 370 1016 430 annno
1048 367 1267 431 nanneno.

346 577 477 674 Quum
500 574 653 676 propius
677 573 880 650 Tauridem
911 574 1152 666 accessisset,
1186 571 1363 654 disemos
1386 574 1472 648 suis

346 689 529 792 nauibus,
546 689 648 789 quod
674 695 716 766 et
739 696 940 788 tempestas
965 695 1046 772 erat
1070 686 1288 778 turbulenta
1305 694 1344 766 et
1360 687 1471 770 nulla

347 807 509 907 suspicio
535 807 674 900 hostis,
699 813 852 906 repente
889 805 1085 886 adversam
1112 805 1158 882 ad
1185 829 1224 884 se
1249 806 1471 884 venientem

339 936 515 1012 narem,
548 921 733 996 antemnis
759 920 808 996 ad
833 919 999 1002 medium
1025 919 1166 1007 malum
1193 920 1381 1008 demissis,
1405 920 1470 996 in·

347 1042 533 1112 structam
558 1035 898 1137 propugnatoribus
923 1037 1091 1110 animum
1118 1034 1293 1112 aduertit.
1354 1032 1471 1128 Quod

348 1151 415 1226 ubi
442 1151 660 1250 conspexit,
686 1151 857 1226 celeriter
876 1150 960 1224 vela
979 1151 1136 1224 subduci
1161 1149 1385 1247 demittique
1403 1174 1472 1223 an·

348 1270 497 1342 temnas
516 1268 637 1348 ¹iubet
675 1275 714 1342 et
746 1265 883 1343 milites
916 1269 1079 1345 armari:
1107 1273 1166 1355 et,
1201 1267 1338 1345 vexillo
1377 1269 1473 1340 sub·

349 1383 455 1476 lato,
479 1407 554 1482 quo
581 1383 771 1484 pugnandi
797 1383 911 1458 dabat
936 1385 1104 1484 signum,
1124 1409 1219 1483 quae
1237 1386 1378 1496 primae
1398 1412 1472 1460 na-

352 1527 421 1576 ves
447 1501 793 1600 subsequebantur,
818 1499 917 1574 idem
945 1508 990 1576 ut
1014 1501 1200 1594 facerent,
1225 1504 1472 1605 significabat.

350 1617 544 1720 Parabant
570 1641 608 1690 se
634 1617 847 1706 Vatiniani,
863 1625 1015 1715 repente
1038 1617 1228 1715 obpressi:
1256 1620 1375 1717 parati
1402 1619 1474 1691 de·-

350 1731 480 1828 inceps
505 1731 710 1805 Octaviani
737 1755 784 1808 ex
809 1737 922 1828 portu
956 1731 1222 1828 procedebant.
1266 1734 1474 1810 instruitur

350 1847 539 1944 utrimque
566 1848 684 1935 acies3
719 1845 848 1918 ordine
874 1844 1052 1944 disposita
1085 1847 1205 1947 magis
1236 1847 1475 1934 Octauiana,

353 1962 522 2059 paratior
547 1959 709 2042 militum
736 1961 868 2034 animis
893 1961 1106 2040 Vatiniana.
1161 2004 1164 2014 ι

404 2075 467 2170 46.
491 2075 692 2166 Vatinius,
725 2097 843 2173 quum
883 2076 1050 2150 animum
1085 2074 1326 2164 adverteret,
1350 2097 1473 2172 neque

353 2193 509 2266 navium
536 2215 575 2266 se
600 2190 887 2292 magnitudine,
912 2215 1032 2289 neque
1058 2215 1216 2267 numero
1231 2215 1359 2292 parem
1377 2217 1474 2282 esse,

351 2305 534 2396 fortuitae
562 2306 810 2380 dimicationis
836 2304 1009 2382 fortunae
1036 2330 1116 2382 rem
1143 2308 1379 2390 committere
1406 2331 1475 2382 no·

352 2417 436 2526 luit.
472 2425 604 2520 ltaque
621 2421 764 2522 primus
780 2443 848 2494 sua
866 2421 1123 2519 quinqueremi
1141 2421 1179 2494 io
1198 2419 1474 2518 quadriremem

355 2535 471 2640 ipsius
497 2537 652 2613 Octavii
676 2536 847 2638 inpetum
873 2535 976 2610 fecit.
1027 2535 1227 2630 Celerrime
1253 2536 1474 2610 fortissime·

357 2672 429 2748 que
455 2653 589 2722 contra
614 2647 678 2728 illo
704 2652 938 2750 remigante,
972 2671 1088 2726 naves
1126 2649 1304 2728 adversae
1337 2653 1471 2726 rostris

263 2789 265 2794 ’
357 2755 591 2841 concurrunt
624 2763 718 2839 adeo
751 2767 1015 2858 vehementer,
1040 2773 1086 2842 ut
1111 2767 1217 2842 navis
1242 2771 1475 2860 Octauiana,

355 2887 481 2956 rostro
503 2881 714 2968 discusso,
750 2878 854 2982 ligno
893 2884 1162 2960 contineretur.
1212 2886 1476 2964 Committitur

356 2996 494 3070 acriter
519 2994 670 3098 reliquis
685 2993 778 3070 locis
795 2995 979 3095 proelium
1003 3000 1314 3100 consumiturque
1333 3000 1380 3076 ad
1396 3004 1476 3078 Du*

356 3132 418 3184 ces
443 3109 627 3198 maxime3
653 3133 763 3200 omn,
788 3133 906 3208 quum
924 3137 994 3186 suo
1013 3116 1170 3215 quisque
1189 3114 1372 3213 auxilium
1397 3117 1476 3191 fer·

354 3231 435 3317 ret,
461 3250 642 3330 magnum
672 3229 884 3304 comminus
909 3229 947 3302 in
974 3237 1135 3330 angusto
1168 3235 1264 3315 mari
1289 3234 1476 3332 proelium

355 3339 501 3415 factum
540 3348 622 3432 est,
656 3348 872 3440 quantoque
906 3343 1118 3426 coniunctis
1156 3348 1276 3446 magis
1317 3349 1476 3427 navibus

239 3555 241 3560 ,
356 3451 579 3558 confligendi
604 3461 771 3558 potestas
797 3457 978 3550 dabatur,
1002 3465 1111 3535 ianm
1137 3462 1347 3562 superiores
1366 3469 1476 3543 erant

386 3661 511 3730 paratior
534 3685 568 3705 -··
590 3663 691 3712 umoris.
724 3658 769 3716 Cf.
792 3657 828 3716 G·
847 3663 885 3723 8,
951 3667 1031 3716 tubae
1050 3666 1113 3721 dim.
1136 3676 1164 3720 ct
1184 3687 1272 3724 rursus
1295 3679 1401 3727 servant
1412 3672 1473 3741 firr-

358 3724 558 3792 18.C.3,85.
951 3733 1126 3814 m⁶³.d¹¹.⁰
1149 3751 1204 3788 nou
1230 3737 1330 3793 babent
1338 3741 1473 3815 jarmirus

950 3799 1138 3864 dimicationes,
1155 3801 1201 3858 sed
1210 3803 1339 3876 fhrtunae
1351 3814 1473 3860 servant:

255 3881 258 3916 ς
379 3854 881 3932 ρνωἰιαικηοὶυίτ.Ρυῐοίοςεῃάυηιε
950 3865 1152 3938 randegramni,
1165 3869 1294 3941 j'ortnnoe
1311 3889 1367 3926 essa
1390 3874 1472 3926 inter-

347 3923 480 3996 surtur'tae
507 3926 668 3978 dimicationi
691 3945 746 3978 rem
772 3935 884 3982 commit·
951 3943 1148 4003 protumentum
1167 3936 1301 4008 fortuitae
1332 3937 1471 3992 dbnmorio

354 4003 409 4044 rare
419 3991 519 4072 mulpit.
532 3991 608 4072 blanc
619 3991 759 4048 laetiorum
770 4015 810 4048 res
823 3998 831 4046 i
835 4016 881 4076 psa
917 4035 920 4042 ·
949 4003 989 4052 nis
1002 4019 1011 4060 ,-
1032 4011 1176 4074 utrumque
1197 4004 1290 4060 saltem
1309 4005 1397 4067 locum
1407 4025 1470 4066 ‚non

354 4073 527 4115 usemsenam
552 4060 625 4116 seert.
650 4060 764 4132 Vulgata
784 4062 882 4128 lectio,
949 4065 1038 4121 babor.
1056 4069 1178 4124 Variatur
1194 4075 1277 4128 etiam
1293 4075 1322 4128 in
1339 4077 1470 4131 nuluirst

351 4142 443 4195 parem
454 4123 622 4198 erseflrturae
632 4129 806 4198 dimensioni,
815 4131 879 4202 sor·
948 4136 1039 4188 notun.
1056 4135 1087 4188 ln
1100 4135 1149 4190 bac
1160 4139 1314 4194 contusione
1323 4137 1470 4196 lectionum

354 4202 432 4270 tunqs
458 4209 514 4245 νοω
540 4211 604 4274 com:
633 4197 742 4259 maluit,
770 4207 798 4250 et
823 4200 881 4268 ipsa
949 4205 1090 4272 proposui,
1110 4205 1175 4276 quid
1193 4205 1261 4266 mibi
1276 4209 1417 4262 consimile
1434 4211 1469 4260 vi·

354 4257 416 4310 serm
432 4267 537 4332 potest.
553 4269 604 4314 ctsr
619 4280 675 4316 uon
691 4265 801 4318 omnino
813 4285 881 4320 com·
947 4267 1057 4322 deretur.
1080 4269 1203 4340 Quilibet
1225 4276 1283 4348 ipsu
1300 4276 1406 4334 iudicet.
1429 4276 1466 4328 M.

354 4323 433 4378 moda
460 4335 518 4378 est:
546 4325 650 4382 codices
678 4331 785 4401 quidem
813 4331 880 4392 illud
947 4333 1079 4390 Bentleius
1102 4341 1183 4392 etiam
1205 4351 1296 4412 putat,
1305 4343 1376 4414 sorr.
1395 4345 1468 4394 ‹limi-

347 4389 459 4465 suturae
472 4395 535 4472 otim.
553 4411 607 4449 noo
624 4394 743 4480 babenti,
765 4399 811 4456 sed
820 4401 881 4474 sor·
946 4415 995 4462 out»
1011 4423 1068 4460 esso
1084 4425 1098 4458 e
1114 4406 1206 4480 glossa.
1224 4429 1238 4464 a
1255 4408 1367 4482 Leide-
1382 4409 1465 4470 abas.
