3044 5316
341 311 446 409 bb.

535 317 748 412 numen
781 351 838 414 nn
872 345 1007 416 nanto
1042 337 1260 416 Annxhttd.

339 557 400 658 gni
428 552 626 653 multique,
649 551 811 645 intercisi
831 555 1010 641 vallibus,
1029 555 1161 630 colles:
1187 578 1354 656 ‘quorum‘
1378 553 1463 634 edi·i

339 676 501 746 tissimus
519 698 639 761 unus,
664 675 726 770 qui
755 679 907 772 propter
932 675 1128 748 victoriam
1156 678 1389 750 Mithridatis
1415 685 1467 753 et

338 787 593 860 infelicitatem
614 788 746 860 Triarii
762 787 1102 886 detrimentumque
1122 793 1308 863 exercitus
1324 792 1465 882 nostri,

293 951 302 961 -
339 903 588 999 superioribus
614 901 705 974 locis
731 909 843 999 atque
869 904 1062 974 itineribus
1089 915 1205 1003 paene
1232 908 1466 978 coniunctus-

339 1020 497 1120 uppido,
523 1027 696 1118 magnam
724 1021 765 1091 in
787 1018 860 1090 inis·
876 1017 1049 1118 partibus.
1063 1021 1175 1094 habet
1195 1019 1431 1095 nohiiitatem
1450 1049 1463 1093 :·

339 1158 409 1206 neo
436 1133 557 1206 multo
584 1134 729 1233 longius
755 1135 905 1207 milibus
931 1158 1109 1232 passuum
1134 1137 1259 1210 tribus·
1283 1131 1390 1208 abest
1408 1137 1465 1208 ab

339 1245 438 1318 Zela.
482 1249 591 1338 Hunc
612 1247 738 1326 locum
754 1250 1195 1334 Pharnacesvetenbus
1212 1253 1466 1350 paternorum

306 1380 308 1393 ¹
340 1363 506 1436 felicium
545 1371 753 1438 castrorum
788 1366 939 1440 refectis
974 1369 1174 1466 operibus,
1224 1369 1341 1469 copiis
1380 1372 1467 1447 suis

341 1481 513 1551 omnihus
539 1484 752 1580 occupavit.
795 1576 798 1585 η

389 1591 452 1690 73.
478 1595 631 1687 Caesar,
659 1621 775 1694 quum
802 1597 850 1670 ab
875 1597 985 1672 hoste
1009 1597 1112 1672 milia
1137 1607 1313 1696 passuum
1347 1595 1467 1691 qnin-

341 1733 413 1806 que
440 1717 562 1784 eastra
588 1715 771 1810 posuisset
808 1713 1023 1814 videretque
1058 1737 1131 1790 eas
1154 1709 1285 1803 rttltes,
1306 1712 1468 1810 ¹quibus

339 1829 456 1928 Regia
470 1835 591 1924 oastra
610 1833 866 1924 munirentur,
884 1833 1018 1922 eodem
1029 1825 1225 1906 intervalia
1244 1855 1311 1903 sua
1335 1839 1475 1904 castra

338 1945 571 2035 munituras,
597 1945 628 2018 si
654 1947 766 2019 modo
793 1973 837 2022 ea
861 1947 946 2022 l'oca
971 1947 1096 2021 hostes
1123 1950 1263 2048 priores
1290 1969 1364 2018 non
1391 1969 1461 2016 ee·-
1507 1949 1510 1966 ⁴

341 2059 502 2156 pissent,
529 2085 623 2158 quae
659 2063 781 2137 multo
817 2072 923 2138 erant
959 2066 1131 2163 propiora
1163 2062 1275 2162 Regis
1306 2051 1462 2148 castris3

342 2197 517 2277 aggerem
542 2181 771 2278 comportari
797 2181 901 2262 iubet
926 2183 1027 2254 intra·
1052 2181 1289 2254 munitiones.
1372 2181 1466 2270 Quo

343 2292 512 2368 celeriter
538 2295 709 2386 conlato,
734 2299 906 2396 proxima
931 2305 1064 2388 nocte,
1090 2293 1216 2398 vigilia
1235 2294 1464 2394 quarta,le-
1509 2347 1510 2352 ,

343 2411 707 2509 gionihnsomnibus
729 2415 910 2514 expeditis
927 2411 1260 2513 inpedimentisque
1274 2412 1313 2483 in
1327 2411 1471 2483 castris

343 2527 499 2618 relictis,
518 2529 752 2628 primahrce,
771 2548 891 2628 neque
909 2528 1146 2630 opinantibus
1163 2527 1349 2618 hostibus,
1370 2547 1467 2602 eum

337 2643 466 2740 ipsum
499 2643 771 2746 locumJeepit,
796 2645 843 2718 in·-
873 2665 949 2742 qno
982 2643 1219 2718 Mithridates
1253 2641 1476 2715 secundum

345 2760 529 2859 proelium
555 2759 731 2834 adversus
757 2760 1122 2849 Triariumfecerat.
1195 2757 1280 2833 Huc
1309 2783 1464 2832 omnem

347 2879 626 2972 comportatum
652 2895 825 2973 aggerem
850 2895 870 2978 e
897 2876 1029 2948 tastris
1047 2875 1198 2948 servitia
1216 2879 1368 2974 agerent
1385 2873 1467 2944 ins-

347 2982 414 3076 sit,
440 3011 487 3058 ne
513 2986 594 3082 quis
622 2987 667 3058 ab
694 3009 804 3086 opere
831 2983 935 3062 mites
961 2986 1187 3080 diseederet,
1207 3013 1324 3086 quum
1339 2987 1469 3086 spatio

934 3249 1084 3324 Wagnerus
1108 3258 1138 3307 in
1162 3257 1280 3308 versione
1304 3255 1468 3310 Germanica

935 3325 1072 3394 expressit.
1082 3324 1140 3378 M.

968 3411 1012 3442 nec
1027 3391 1116 3442 multo.
1134 3390 1195 3458 Leg.
1213 3409 1265 3440 uon
1281 3409 1314 3440 m.
1354 3387 1466 3440 Procur-

934 3459 970 3509 rit
993 3476 1051 3526 ergo
1074 3461 1158 3508 oratio
1180 3462 1208 3508 in
1234 3457 1306 3512 hunc
1330 3455 1465 3506 modum':

382 3275 459 3320 ursus¹
478 3255 597 3309 Sentium
624 3261 703 3308 vocat
731 3255 873 3324 Appianas

348 3324 440 3378 Mithr.
457 3341 479 3375 c.
500 3340 562 3374 no·
817 3381 819 3388 .

384 3393 525 3454 Τνίανίαε,
539 3409 556 3450 a
572 3389 703 3452 Lucullo,
732 3387 878 3458 Tigranem-

348 3461 504 3517 Armenium
522 3455 712 3528 persequente,
741 3457 769 3506 in
787 3457 873 3508 Ponto

348 3517 472 3589 relictus,
489 3528 591 3594 ingenti
603 3525 675 3578 clade
689 3545 703 3576 a
715 3523 872 3576 Mithridate

349 3596 472 3648 adflictus
489 3603 537 3645 est.
554 3593 675 3662 'Appiam
693 3591 721 3643 B.
749 3591 871 3642 Mithrid.

348 3682 405 3734 cap.
424 3667 464 3729 89.
483 3679 509 3730 p.
527 3659 586 3712 231.
605 3669 632 3711 et
648 3677 670 3712 c.
692 3671 745 3710 120.
768 3677 794 3728 p.
813 3665 871 3723 254.

348 3729 480 3782 Plutarch.
498 3725 600 3779 Luculi.
618 3745 640 3779 c.
658 3724 700 3776 3s·.
718 3727 859 3777 Cettmtus.

382 3796 553 3870 superioribus
570 3795 630 3845 lotis
644 3821 676 3832 -·-
689 3797 791 3862 oppido·
803 3795 872 3844 Haec

349 3865 428 3918 v'erha
441 3882 495 3914 non
508 3881 553 3913 suo
566 3860 623 3912 loco
641 3863 737 3930 posita.
754 3862 800 3912 sed
812 3867 872 3930 post

350 3930 623 3984 verhumuobititatem
632 3927 791 3982 conlocanda
800 3940 872 3997 puto.

351 3998 430 4050 Porro
448 3997 615 4066 superioribus
632 3996 693 4046 locis
710 4009 786 4064 atque
802 4001 873 4047 itine-

351 4067 418 4116 ribus
447 4064 563 4134 snspicor
591 4063 693 4116 dietum
720 4082 774 4114 esse
804 4081 872 4134 pro,

351 4134 481 4190 itineribus
490 4148 536 4198 per
547 4136 681 4198 superiora
692 4131 748 4180 toea
763 4150 783 4181 s.
795 4132 873 4197 iuga,

351 4208 382 4250 ut
393 4199 457 4250 adeo
470 4198 629 4250 editissimus
647 4197 691 4248 ille
703 4197 777 4250 collis
790 4217 873 4266 paene

351 4267 509 4318 coniunctus
519 4265 597 4316 fuerit
609 4265 729 4334 oppido,
747 4267 806 4336 quia
823 4267 874 4316 iter

351 4331 386 4384 ab
403 4352 433 4384 eu
451 4331 512 4384 inde
529 4332 561 4384 ad
579 4334 708 4402 oppidum
724 4352 804 4404 usquo
822 4333 875 4382 suit.

352 4417 399 4470 per
420 4399 553 4469 superiore
569 4397 626 4452 loca
642 4418 664 4452 s.
682 4401 750 4468 iuga.
779 4401 826 4454 Sic
846 4405 874 4451 et

933 3531 1042 3593 quorum
1053 3527 1297 3584 editissimusunus,
1315 3527 1384 3591 (qui,
1399 3541 1464 3590 pro-

931 3595 990 3660 pter
1003 3598 1141 3644 victoriane
1154 3591 1333 3653 Mithridatis,
1352 3590 1399 3658 inf.
1414 3591 1465 3640 Tr.

934 3661 1160 3728 detrimentumque
1195 3663 1320 3708 exereitus
1354 3662 1463 3718 nostri,
1509 3717 1510 3720 Ἰ

934 3745 1053 3796 magnam
1077 3731 1104 3776 iu
1121 3727 1174 3776 iltis
1188 3728 1304 3794 portibus
1322 3724 1395 3774 babet
1416 3743 1463 3773 no-
1509 3737 1510 3792 ζ

934 3797 1075 3862 bibitatem)
1095 3795 1265 3861 superioribus
1293 3794 1355 3842 locis
1383 3803 1464 3860 atqua

935 3864 1066 3912 itineribus
1085 3879 1166 3929 poene
1183 3865 1329 3910 coniunctus
1349 3861 1463 3923 oppido,

935 3949 986 3980 non
1004 3929 1083 3980 inulto
1101 3955 1136 3966 -
1150 3927 1226 3978 Zeta.
1244 3927 1286 3977 M.

969 3997 1029 4048 Hus-
1046 4011 1144 4045 onrnem
1157 4023 1189 4032 -—
1201 3999 1281 4061 iussit.
1301 3993 1330 4044 In
1349 3991 1391 4044 his
1405 4010 1461 4042 non

936 4062 1073 4123 hahemus,
1085 4082 1100 4112 n
1111 4115 1112 4118 ,
1122 4064 1188 4121 inor,
1202 4063 1340 4130 genuinam
1352 4077 1460 4110 manum

936 4131 1079 4200 scriptoris.
1104 4081 1211 4180 itabant
1227 4127 1301 4180 codd.
1322 4125 1368 4180 alii
1389 4145 1464 4176 com*

933 4201 1053 4266 portari3
1079 4195 1123 4247 alii
1150 4207 1300 4266 agerentur·;
1329 4194 1373 4246 alii
1398 4199 1460 4262 ogr&

936 4265 983 4316 atii
1007 4268 1162 4332 servitiaque
1183 4269 1238 4331 ogi.
1273 4261 1352 4330 Quia·
1371 4269 1461 4311 tamen

935 4330 1081 4384 Oudendor
1100 4331 1141 4382 ins
1158 4332 1209 4390 sic,
1231 4339 1261 4380 ut
1278 4328 1379 4388 edidit,
1398 4345 1461 4378 con-

936 4415 1014 4454 sensu
1026 4349 1106 4452 usi.
1116 4397 1257 4468 legendum
1272 4395 1348 4452 dicit:
1366 4411 1460 4464 sequtu
1509 4411 1510 4464 3
