<?xml version="1.0" encoding="UTF-8"?>
<!DOCTYPE html PUBLIC "-//W3C//DTD XHTML 1.0 Transitional//EN"
    "http://www.w3.org/TR/xhtml1/DTD/xhtml1-transitional.dtd">
<html xmlns="http://www.w3.org/1999/xhtml" xml:lang="en" lang="en">
 <head>
  <title>
</title>
<meta http-equiv="Content-Type" content="text/html;charset=utf-8" />
  <meta name='ocr-system' content='tesseract 3.04.00' />
  <meta name='ocr-capabilities' content='ocr_page ocr_carea ocr_par ocr_line ocrx_word'/>
</head>
<body>
  <div class='ocr_page' id='page_1' title='image "./ciuliicaesarisc00hirtgoog_0193.png"; bbox 0 0 2998 5320; ppageno 0'>
   <div class='ocr_carea' id='block_1_1' title="bbox 379 365 1135 516">
    <p class='ocr_par' dir='ltr' id='par_1_1' title="bbox 379 365 1135 516">
     <span class='ocr_line' id='line_1_1' title="bbox 379 365 1135 516; baseline -0.007 -52"><span class='ocrx_word' id='word_1_1' title='bbox 379 401 458 464; x_wconf 79' lang='lat' dir='ltr'><strong>ers.</strong></span> <span class='ocrx_word' id='word_1_2' title='bbox 490 403 584 465; x_wconf 78' lang='lat' dir='ltr'><strong>ose.</strong></span> <span class='ocrx_word' id='word_1_3' title='bbox 619 401 696 466; x_wconf 82' lang='lat'><strong>22.</strong></span> <span class='ocrx_word' id='word_1_4' title='bbox 731 369 807 462; x_wconf 82' lang='lat'><strong>23.</strong></span> <span class='ocrx_word' id='word_1_5' title='bbox 972 499 993 516; x_wconf 26' lang='grc' dir='ltr'>ἱ</span> <span class='ocrx_word' id='word_1_6' title='bbox 1051 365 1135 490; x_wconf 80' lang='lat'><strong>187</strong></span> 
     </span>
    </p>
   </div>
   <div class='ocr_carea' id='block_1_2' title="bbox 38 599 1142 928">
    <p class='ocr_par' dir='ltr' id='par_1_2' title="bbox 38 599 1142 928">
     <span class='ocr_line' id='line_1_2' title="bbox 40 599 1142 710; baseline -0.005 -29"><span class='ocrx_word' id='word_1_7' title='bbox 40 607 106 682; x_wconf 85' lang='lat' dir='ltr'><strong>llic</strong></span> <span class='ocrx_word' id='word_1_8' title='bbox 128 607 221 680; x_wconf 86' lang='lat' dir='ltr'><strong>dum</strong></span> <span class='ocrx_word' id='word_1_9' title='bbox 245 605 413 704; x_wconf 85' lang='lat' dir='ltr'><strong>inopere</strong></span> <span class='ocrx_word' id='word_1_10' title='bbox 439 605 555 710; x_wconf 86' lang='lat' dir='ltr'><strong>nostri</strong></span> <span class='ocrx_word' id='word_1_11' title='bbox 581 603 732 677; x_wconf 87' lang='lat' dir='ltr'><strong>distenti</strong></span> <span class='ocrx_word' id='word_1_12' title='bbox 759 607 901 692; x_wconf 88' lang='lat' dir='ltr'><strong>essent,</strong></span> <span class='ocrx_word' id='word_1_13' title='bbox 933 599 1142 702; x_wconf 82' lang='lat' dir='ltr'><strong>complures</strong></span> 
     </span>
     <span class='ocr_line' id='line_1_3' title="bbox 38 718 1142 819; baseline 0 -27"><span class='ocrx_word' id='word_1_14' title='bbox 38 745 82 792; x_wconf 83' lang='lat' dir='ltr'><strong>ex</strong></span> <span class='ocrx_word' id='word_1_15' title='bbox 104 721 300 819; x_wconf 72' lang='lat' dir='ltr'><strong>mpeneee</strong></span> <span class='ocrx_word' id='word_1_16' title='bbox 326 719 409 791; x_wconf 86' lang='lat' dir='ltr'><strong>loce</strong></span> <span class='ocrx_word' id='word_1_17' title='bbox 423 719 720 791; x_wconf 66' lang='lat' dir='ltr'><strong>advenerint-um</strong></span> <span class='ocrx_word' id='word_1_18' title='bbox 739 718 1050 790; x_wconf 86' lang='lat' dir='ltr'><strong>decucurrerunt:</strong></span> <span class='ocrx_word' id='word_1_19' title='bbox 1074 743 1142 792; x_wconf 88' lang='lat' dir='ltr'><strong>nec</strong></span> 
     </span>
     <span class='ocr_line' id='line_1_4' title="bbox 40 829 1142 928; baseline -0.002 -23"><span class='ocrx_word' id='word_1_20' title='bbox 40 831 290 905; x_wconf 71' lang='lat' dir='ltr'><strong>detinentibus</strong></span> <span class='ocrx_word' id='word_1_21' title='bbox 310 832 461 921; x_wconf 89' lang='lat' dir='ltr'><strong>nostris,</strong></span> <span class='ocrx_word' id='word_1_22' title='bbox 486 832 614 904; x_wconf 90' lang='lat' dir='ltr'><strong>multis</strong></span> <span class='ocrx_word' id='word_1_23' title='bbox 636 833 718 904; x_wconf 88' lang='lat' dir='ltr'><strong>telis</strong></span> <span class='ocrx_word' id='word_1_24' title='bbox 743 832 909 914; x_wconf 88' lang='lat' dir='ltr'><strong>iniectis,</strong></span> <span class='ocrx_word' id='word_1_25' title='bbox 935 829 1142 928; x_wconf 73' lang='lat' dir='ltr'><strong>complures</strong></span> 
     </span>
    </p>
   </div>
   <div class='ocr_carea' id='block_1_3' title="bbox 2 941 1269 3594">
    <p class='ocr_par' dir='ltr' id='par_1_3' title="bbox 2 941 1269 3594">
     <span class='ocr_line' id='line_1_5' title="bbox 40 941 1144 1044; baseline 0.002 -28"><span class='ocrx_word' id='word_1_26' title='bbox 40 946 259 1017; x_wconf 84' lang='lat' dir='ltr'><strong>vulneribus</strong></span> <span class='ocrx_word' id='word_1_27' title='bbox 275 943 456 1017; x_wconf 67' lang='lat' dir='ltr'><strong>adiecere.</strong></span> <span class='ocrx_word' id='word_1_28' title='bbox 482 945 553 1017; x_wconf 85' lang='lat' dir='ltr'><strong>llic</strong></span> <span class='ocrx_word' id='word_1_29' title='bbox 567 953 715 1032; x_wconf 78' lang='lat' dir='ltr'><strong>temen,</strong></span> <span class='ocrx_word' id='word_1_30' title='bbox 740 945 854 1017; x_wconf 79' lang='lat' dir='ltr'><strong>nteit</strong></span> <span class='ocrx_word' id='word_1_31' title='bbox 871 943 1011 1044; x_wconf 86' lang='lat' dir='ltr'><strong>Ennius</strong></span> <span class='ocrx_word' id='word_1_32' title='bbox 1028 998 1040 1033; x_wconf 90' lang='lat'>,</span> <span class='ocrx_word' id='word_1_33' title='bbox 1061 941 1144 1020; x_wconf 86' lang='lat' dir='ltr'><strong>No·</strong></span> 
     </span>
     <span class='ocr_line' id='line_1_6' title="bbox 39 1061 1183 1160; baseline 0 -25"><span class='ocrx_word' id='word_1_34' title='bbox 39 1069 121 1136; x_wconf 77' lang='lat' dir='ltr'><strong>stris</strong></span> <span class='ocrx_word' id='word_1_35' title='bbox 140 1087 279 1146; x_wconf 77' lang='lat' dir='ltr'><strong>cessere</strong></span> <span class='ocrx_word' id='word_1_36' title='bbox 292 1083 496 1160; x_wconf 74' lang='lat' dir='ltr'><strong>parumper.</strong></span> <span class='ocrx_word' id='word_1_37' title='bbox 521 1064 650 1158; x_wconf 79' lang='lat' dir='ltr'><strong>ltaque</strong></span> <span class='ocrx_word' id='word_1_38' title='bbox 675 1069 821 1159; x_wconf 77' lang='lat' dir='ltr'><strong>praeter</strong></span> <span class='ocrx_word' id='word_1_39' title='bbox 838 1061 1144 1137; x_wconf 82' lang='lat' dir='ltr'><strong>consuetudinem</strong></span> <span class='ocrx_word' id='word_1_40' title='bbox 1180 1137 1183 1146; x_wconf 71' lang='grc'><strong>,</strong></span> 
     </span>
     <span class='ocr_line' id='line_1_7' title="bbox 40 1175 1144 1277; baseline 0.002 -27"><span class='ocrx_word' id='word_1_41' title='bbox 40 1205 158 1277; x_wconf 80' lang='lat' dir='ltr'><strong>quum</strong></span> <span class='ocrx_word' id='word_1_42' title='bbox 185 1203 207 1252; x_wconf 82' lang='lat' dir='ltr'><strong>e</strong></span> <span class='ocrx_word' id='word_1_43' title='bbox 235 1180 367 1251; x_wconf 86' lang='lat' dir='ltr'><strong>nostris</strong></span> <span class='ocrx_word' id='word_1_44' title='bbox 393 1178 691 1250; x_wconf 78' lang='lat' dir='ltr'><strong>animadversum</strong></span> <span class='ocrx_word' id='word_1_45' title='bbox 718 1181 841 1267; x_wconf 88' lang='lat' dir='ltr'><strong>esset,</strong></span> <span class='ocrx_word' id='word_1_46' title='bbox 865 1175 1020 1276; x_wconf 79' lang='lat' dir='ltr'><strong>cedere,</strong></span> <span class='ocrx_word' id='word_1_47' title='bbox 1046 1183 1144 1252; x_wconf 87' lang='lat' dir='ltr'><strong>Cen·</strong></span> 
     </span>
     <span class='ocr_line' id='line_1_8' title="bbox 2 1291 1235 1400; baseline -0.007 -30"><span class='ocrx_word' id='word_1_48' title='bbox 2 1379 3 1400; x_wconf 21' lang='lat'>¹</span> <span class='ocrx_word' id='word_1_49' title='bbox 41 1303 208 1370; x_wconf 85' lang='lat' dir='ltr'><strong>turinnes</strong></span> <span class='ocrx_word' id='word_1_50' title='bbox 234 1317 282 1366; x_wconf 82' lang='lat' dir='ltr'><strong>ex</strong></span> <span class='ocrx_word' id='word_1_51' title='bbox 314 1293 458 1393; x_wconf 83' lang='lat' dir='ltr'><strong>legione</strong></span> <span class='ocrx_word' id='word_1_52' title='bbox 491 1293 622 1389; x_wconf 82' lang='lat' dir='ltr'><strong>quinte</strong></span> <span class='ocrx_word' id='word_1_53' title='bbox 655 1291 802 1368; x_wconf 80' lang='lat' dir='ltr'><strong>{lumen</strong></span> <span class='ocrx_word' id='word_1_54' title='bbox 829 1298 1042 1394; x_wconf 77' lang='lat' dir='ltr'><strong>transgressi</strong></span> <span class='ocrx_word' id='word_1_55' title='bbox 1070 1297 1144 1369; x_wconf 88' lang='lat' dir='ltr'><strong>dno</strong></span> <span class='ocrx_word' id='word_1_56' title='bbox 1232 1355 1235 1361; x_wconf 92' lang='lat'><em>.</em></span> 
     </span>
     <span class='ocr_line' id='line_1_9' title="bbox 2 1403 1144 1512; baseline -0.002 -24"><span class='ocrx_word' id='word_1_57' title='bbox 2 1403 3 1488; x_wconf 66' lang='lat' dir='ltr'>s</span> <span class='ocrx_word' id='word_1_58' title='bbox 41 1415 287 1488; x_wconf 83' lang='lat' dir='ltr'><strong>restituerunt</strong></span> <span class='ocrx_word' id='word_1_59' title='bbox 314 1411 455 1493; x_wconf 77' lang='lat' dir='ltr'><strong>aciem3</strong></span> <span class='ocrx_word' id='word_1_60' title='bbox 485 1409 691 1504; x_wconf 78' lang='lat' dir='ltr'><strong>acriterque</strong></span> <span class='ocrx_word' id='word_1_61' title='bbox 710 1409 843 1482; x_wconf 84' lang='lat' dir='ltr'><strong>eximia</strong></span> <span class='ocrx_word' id='word_1_62' title='bbox 867 1413 1005 1484; x_wconf 84' lang='lat' dir='ltr'><strong>virtute</strong></span> <span class='ocrx_word' id='word_1_63' title='bbox 1024 1409 1144 1512; x_wconf 90' lang='lat' dir='ltr'><strong>plures</strong></span> 
     </span>
     <span class='ocr_line' id='line_1_10' title="bbox 42 1513 1146 1624; baseline 0.004 -28"><span class='ocrx_word' id='word_1_64' title='bbox 42 1549 160 1622; x_wconf 82' lang='lat' dir='ltr'><strong>quum</strong></span> <span class='ocrx_word' id='word_1_65' title='bbox 189 1528 364 1624; x_wconf 71' lang='lat' dir='ltr'><strong>egerunt,</strong></span> <span class='ocrx_word' id='word_1_66' title='bbox 392 1545 441 1594; x_wconf 80' lang='lat' dir='ltr'><strong>ex</strong></span> <span class='ocrx_word' id='word_1_67' title='bbox 464 1523 653 1619; x_wconf 82' lang='lat' dir='ltr'><strong>superiore</strong></span> <span class='ocrx_word' id='word_1_68' title='bbox 678 1513 762 1594; x_wconf 82' lang='lat' dir='ltr'><strong>locd</strong></span> <span class='ocrx_word' id='word_1_69' title='bbox 787 1523 1025 1604; x_wconf 86' lang='lat' dir='ltr'><strong>multitudine</strong></span> <span class='ocrx_word' id='word_1_70' title='bbox 1051 1529 1146 1600; x_wconf 87' lang='lat' dir='ltr'><strong>telo-</strong></span> 
     </span>
     <span class='ocr_line' id='line_1_11' title="bbox 40 1636 1146 1744; baseline 0.005 -34"><span class='ocrx_word' id='word_1_71' title='bbox 40 1663 125 1719; x_wconf 79' lang='lat' dir='ltr'><strong>rum</strong></span> <span class='ocrx_word' id='word_1_72' title='bbox 156 1636 254 1711; x_wconf 84' lang='lat' dir='ltr'><strong>elter</strong></span> <span class='ocrx_word' id='word_1_73' title='bbox 282 1659 413 1708; x_wconf 77' lang='lat' dir='ltr'><strong>eorum</strong></span> <span class='ocrx_word' id='word_1_74' title='bbox 447 1637 623 1710; x_wconf 78' lang='lat' dir='ltr'><strong>concidit.</strong></span> <span class='ocrx_word' id='word_1_75' title='bbox 673 1637 758 1727; x_wconf 75' lang='lat' dir='ltr'><strong>tta,</strong></span> <span class='ocrx_word' id='word_1_76' title='bbox 796 1659 912 1735; x_wconf 88' lang='lat' dir='ltr'><strong>quum</strong></span> <span class='ocrx_word' id='word_1_77' title='bbox 939 1641 969 1712; x_wconf 86' lang='lat' dir='ltr'><strong>is</strong></span> <span class='ocrx_word' id='word_1_78' title='bbox 995 1665 1146 1744; x_wconf 83' lang='lat' dir='ltr'><strong>comper</strong></span> 
     </span>
     <span class='ocr_line' id='line_1_12' title="bbox 42 1749 1147 1852; baseline 0.007 -28"><span class='ocrx_word' id='word_1_79' title='bbox 42 1749 228 1851; x_wconf 84' lang='lat' dir='ltr'><strong>proelium</strong></span> <span class='ocrx_word' id='word_1_80' title='bbox 253 1749 374 1822; x_wconf 82' lang='lat' dir='ltr'><strong>lecese</strong></span> <span class='ocrx_word' id='word_1_81' title='bbox 397 1753 579 1847; x_wconf 85' lang='lat' dir='ltr'><strong>coepisset</strong></span> <span class='ocrx_word' id='word_1_82' title='bbox 595 1755 656 1835; x_wconf 86' lang='lat' dir='ltr'><strong>ct,</strong></span> <span class='ocrx_word' id='word_1_83' title='bbox 691 1775 807 1849; x_wconf 87' lang='lat' dir='ltr'><strong>quum</strong></span> <span class='ocrx_word' id='word_1_84' title='bbox 833 1755 996 1852; x_wconf 87' lang='lat' dir='ltr'><strong>undique</strong></span> <span class='ocrx_word' id='word_1_85' title='bbox 1022 1783 1059 1829; x_wconf 90' lang='lat' dir='ltr'><strong>se</strong></span> <span class='ocrx_word' id='word_1_86' title='bbox 1078 1761 1147 1832; x_wconf 86' lang='lat' dir='ltr'><strong>cir·</strong></span> 
     </span>
     <span class='ocr_line' id='line_1_13' title="bbox 41 1865 1148 1970; baseline 0.011 -37"><span class='ocrx_word' id='word_1_87' title='bbox 41 1865 250 1942; x_wconf 81' lang='lat' dir='ltr'><strong>emnveniri</strong></span> <span class='ocrx_word' id='word_1_88' title='bbox 268 1866 433 1940; x_wconf 75' lang='lat' dir='ltr'><strong>animum</strong></span> <span class='ocrx_word' id='word_1_89' title='bbox 454 1865 693 1954; x_wconf 74' lang='lat' dir='ltr'><strong>advertisset,</strong></span> <span class='ocrx_word' id='word_1_90' title='bbox 726 1887 926 1966; x_wconf 79' lang='lat' dir='ltr'><strong>parumper</strong></span> <span class='ocrx_word' id='word_1_91' title='bbox 943 1873 1148 1970; x_wconf 81' lang='lat' dir='ltr'><strong>ingressus,</strong></span> 
     </span>
     <span class='ocr_line' id='line_1_14' title="bbox 43 1975 1147 2086; baseline 0.007 -33"><span class='ocrx_word' id='word_1_92' title='bbox 43 1983 177 2080; x_wconf 86' lang='lat' dir='ltr'><strong>pedem</strong></span> <span class='ocrx_word' id='word_1_93' title='bbox 203 1979 384 2054; x_wconf 75' lang='lat' dir='ltr'><strong>obtendit.</strong></span> <span class='ocrx_word' id='word_1_94' title='bbox 415 1975 534 2054; x_wconf 78' lang='lat' dir='ltr'><strong>liuius</strong></span> <span class='ocrx_word' id='word_1_95' title='bbox 561 1977 790 2054; x_wconf 85' lang='lat' dir='ltr'><strong>concidentis</strong></span> <span class='ocrx_word' id='word_1_96' title='bbox 808 1985 876 2055; x_wconf 83' lang='lat' dir='ltr'><strong>viri</strong></span> <span class='ocrx_word' id='word_1_97' title='bbox 897 2007 985 2057; x_wconf 78' lang='lat' dir='ltr'><strong>casn</strong></span> <span class='ocrx_word' id='word_1_98' title='bbox 1012 1991 1147 2086; x_wconf 86' lang='lat' dir='ltr'><strong>passim</strong></span> 
     </span>
     <span class='ocr_line' id='line_1_15' title="bbox 2 2095 1146 2204; baseline 0.007 -34"><span class='ocrx_word' id='word_1_99' title='bbox 2 2155 3 2160; x_wconf 65' lang='lat'>,</span> <span class='ocrx_word' id='word_1_100' title='bbox 46 2099 196 2181; x_wconf 76' lang='lat' dir='ltr'><strong>audito,</strong></span> <span class='ocrx_word' id='word_1_101' title='bbox 236 2119 351 2204; x_wconf 81' lang='lat' dir='ltr'><strong>quum</strong></span> <span class='ocrx_word' id='word_1_102' title='bbox 371 2096 580 2193; x_wconf 79' lang='lat' dir='ltr'><strong>complures</strong></span> <span class='ocrx_word' id='word_1_103' title='bbox 598 2095 894 2170; x_wconf 69' lang='lat' dir='ltr'><strong>adversariorum</strong></span> <span class='ocrx_word' id='word_1_104' title='bbox 919 2125 1146 2180; x_wconf 90' lang='lat' dir='ltr'><strong>concursum</strong></span> 
     </span>
     <span class='ocr_line' id='line_1_16' title="bbox 46 2209 1148 2312; baseline 0.006 -28"><span class='ocrx_word' id='word_1_105' title='bbox 46 2209 240 2298; x_wconf 78' lang='lat' dir='ltr'><strong>tacerent,</strong></span> <span class='ocrx_word' id='word_1_106' title='bbox 278 2210 420 2312; x_wconf 83' lang='lat' dir='ltr'><strong>equites</strong></span> <span class='ocrx_word' id='word_1_107' title='bbox 451 2211 567 2281; x_wconf 87' lang='lat' dir='ltr'><strong>nostri</strong></span> <span class='ocrx_word' id='word_1_108' title='bbox 603 2213 818 2310; x_wconf 80' lang='lat' dir='ltr'><strong>trnmgressi</strong></span> <span class='ocrx_word' id='word_1_109' title='bbox 858 2213 1032 2288; x_wconf 84' lang='lat' dir='ltr'><strong>interiore</strong></span> <span class='ocrx_word' id='word_1_110' title='bbox 1064 2209 1148 2291; x_wconf 82' lang='lat' dir='ltr'><strong>loco</strong></span> 
     </span>
     <span class='ocr_line' id='line_1_17' title="bbox 48 2323 1150 2425; baseline 0.008 -25"><span class='ocrx_word' id='word_1_111' title='bbox 48 2328 278 2403; x_wconf 73' lang='lat' dir='ltr'><strong>adver-serior</strong></span> <span class='ocrx_word' id='word_1_112' title='bbox 304 2325 350 2404; x_wconf 80' lang='lat' dir='ltr'><strong>ad</strong></span> <span class='ocrx_word' id='word_1_113' title='bbox 377 2323 517 2404; x_wconf 73' lang='lat' dir='ltr'><strong>vellum</strong></span> <span class='ocrx_word' id='word_1_114' title='bbox 543 2347 650 2425; x_wconf 81' lang='lat' dir='ltr'><strong>egere</strong></span> <span class='ocrx_word' id='word_1_115' title='bbox 677 2333 891 2424; x_wconf 87' lang='lat' dir='ltr'><strong>coeperunt.</strong></span> <span class='ocrx_word' id='word_1_116' title='bbox 943 2333 1024 2422; x_wconf 80' lang='lat' dir='ltr'><strong>lta,</strong></span> <span class='ocrx_word' id='word_1_117' title='bbox 1059 2335 1150 2409; x_wconf 87' lang='lat' dir='ltr'><strong>dum</strong></span> 
     </span>
     <span class='ocr_line' id='line_1_18' title="bbox 49 2437 1150 2540; baseline 0.008 -27"><span class='ocrx_word' id='word_1_118' title='bbox 49 2440 219 2540; x_wconf 87' lang='lat' dir='ltr'><strong>cupidius</strong></span> <span class='ocrx_word' id='word_1_119' title='bbox 244 2439 342 2511; x_wconf 83' lang='lat' dir='ltr'><strong>intra</strong></span> <span class='ocrx_word' id='word_1_120' title='bbox 368 2437 546 2536; x_wconf 75' lang='lat' dir='ltr'><strong>praesidis</strong></span> <span class='ocrx_word' id='word_1_121' title='bbox 569 2440 724 2518; x_wconf 79' lang='lat' dir='ltr'><strong>illorum</strong></span> <span class='ocrx_word' id='word_1_122' title='bbox 746 2441 896 2514; x_wconf 87' lang='lat' dir='ltr'><strong>student</strong></span> <span class='ocrx_word' id='word_1_123' title='bbox 915 2445 1065 2518; x_wconf 82' lang='lat' dir='ltr'><strong>caedem</strong></span> <span class='ocrx_word' id='word_1_124' title='bbox 1094 2447 1150 2522; x_wconf 76' lang='lat' dir='ltr'><strong>fa·</strong></span> 
     </span>
     <span class='ocr_line' id='line_1_19' title="bbox 48 2553 1150 2656; baseline 0.006 -26"><span class='ocrx_word' id='word_1_125' title='bbox 48 2582 154 2645; x_wconf 88' lang='lat' dir='ltr'><strong>cere,</strong></span> <span class='ocrx_word' id='word_1_126' title='bbox 179 2583 201 2628; x_wconf 83' lang='lat' dir='ltr'><strong>n</strong></span> <span class='ocrx_word' id='word_1_127' title='bbox 217 2557 351 2628; x_wconf 84' lang='lat' dir='ltr'><strong>turmis</strong></span> <span class='ocrx_word' id='word_1_128' title='bbox 367 2561 408 2628; x_wconf 84' lang='lat' dir='ltr'><strong>et</strong></span> <span class='ocrx_word' id='word_1_129' title='bbox 423 2553 496 2627; x_wconf 85' lang='lat' dir='ltr'><strong>levi</strong></span> <span class='ocrx_word' id='word_1_130' title='bbox 515 2565 704 2628; x_wconf 80' lang='lat' dir='ltr'><strong>armature</strong></span> <span class='ocrx_word' id='word_1_131' title='bbox 718 2565 804 2628; x_wconf 88' lang='lat' dir='ltr'><strong>suut</strong></span> <span class='ocrx_word' id='word_1_132' title='bbox 820 2559 1021 2635; x_wconf 85' lang='lat' dir='ltr'><strong>interclusi.</strong></span> <span class='ocrx_word' id='word_1_133' title='bbox 1049 2567 1150 2656; x_wconf 83' lang='lat' dir='ltr'><strong>Quo-</strong></span> 
     </span>
     <span class='ocr_line' id='line_1_20' title="bbox 48 2669 1151 2771; baseline 0.01 -26"><span class='ocrx_word' id='word_1_134' title='bbox 48 2697 133 2745; x_wconf 83' lang='lat' dir='ltr'><strong>rum</strong></span> <span class='ocrx_word' id='word_1_135' title='bbox 151 2672 216 2744; x_wconf 86' lang='lat' dir='ltr'><strong>uisi</strong></span> <span class='ocrx_word' id='word_1_136' title='bbox 231 2693 374 2748; x_wconf 74' lang='lat' dir='ltr'><strong>summe</strong></span> <span class='ocrx_word' id='word_1_137' title='bbox 390 2671 507 2744; x_wconf 84' lang='lat' dir='ltr'><strong>virtus</strong></span> <span class='ocrx_word' id='word_1_138' title='bbox 523 2669 669 2755; x_wconf 83' lang='lat' dir='ltr'><strong>luisset,</strong></span> <span class='ocrx_word' id='word_1_139' title='bbox 692 2671 769 2744; x_wconf 85' lang='lat' dir='ltr'><strong>vivi</strong></span> <span class='ocrx_word' id='word_1_140' title='bbox 785 2677 883 2771; x_wconf 85' lang='lat' dir='ltr'><strong>capti</strong></span> <span class='ocrx_word' id='word_1_141' title='bbox 898 2685 1036 2766; x_wconf 90' lang='lat' dir='ltr'><strong>essent;</strong></span> <span class='ocrx_word' id='word_1_142' title='bbox 1063 2708 1151 2756; x_wconf 77' lang='lat' dir='ltr'><strong>trem</strong></span> 
     </span>
     <span class='ocr_line' id='line_1_21' title="bbox 48 2783 1151 2892; baseline 0.005 -32"><span class='ocrx_word' id='word_1_143' title='bbox 48 2794 91 2860; x_wconf 84' lang='lat' dir='ltr'><strong>et</strong></span> <span class='ocrx_word' id='word_1_144' title='bbox 106 2785 313 2859; x_wconf 85' lang='lat' dir='ltr'><strong>munitione</strong></span> <span class='ocrx_word' id='word_1_145' title='bbox 326 2783 494 2882; x_wconf 75' lang='lat' dir='ltr'><strong>praesidii</strong></span> <span class='ocrx_word' id='word_1_146' title='bbox 509 2786 561 2857; x_wconf 81' lang='lat' dir='ltr'><strong>ite</strong></span> <span class='ocrx_word' id='word_1_147' title='bbox 576 2790 932 2886; x_wconf 74' lang='lat' dir='ltr'><strong>coangustabantur‚</strong></span> <span class='ocrx_word' id='word_1_148' title='bbox 961 2799 1002 2863; x_wconf 88' lang='lat' dir='ltr'><strong>ut</strong></span> <span class='ocrx_word' id='word_1_149' title='bbox 1020 2819 1151 2892; x_wconf 77' lang='lat' dir='ltr'><strong>eques,</strong></span> 
     </span>
     <span class='ocr_line' id='line_1_22' title="bbox 3 2891 1269 3000; baseline 0.006 -28"><span class='ocrx_word' id='word_1_150' title='bbox 3 2907 4 2916; x_wconf 77' lang='grc'>’</span> <span class='ocrx_word' id='word_1_151' title='bbox 49 2891 174 3000; x_wconf 81' lang='lat' dir='ltr'><strong>spatio</strong></span> <span class='ocrx_word' id='word_1_152' title='bbox 198 2897 425 2983; x_wconf 85' lang='lat' dir='ltr'><strong>intercluso,</strong></span> <span class='ocrx_word' id='word_1_153' title='bbox 460 2898 524 2972; x_wconf 81' lang='lat' dir='ltr'><strong>vix</strong></span> <span class='ocrx_word' id='word_1_154' title='bbox 550 2923 588 2971; x_wconf 87' lang='lat' dir='ltr'><strong>se</strong></span> <span class='ocrx_word' id='word_1_155' title='bbox 613 2899 806 2972; x_wconf 85' lang='lat' dir='ltr'><strong>defendere</strong></span> <span class='ocrx_word' id='word_1_156' title='bbox 835 2905 967 2998; x_wconf 82' lang='lat' dir='ltr'><strong>posset.</strong></span> <span class='ocrx_word' id='word_1_157' title='bbox 1011 2903 1068 2978; x_wconf 79' lang='lat' dir='ltr'><strong>llx</strong></span> <span class='ocrx_word' id='word_1_158' title='bbox 1095 2907 1151 2980; x_wconf 88' lang='lat' dir='ltr'><strong>his</strong></span> <span class='ocrx_word' id='word_1_159' title='bbox 1266 2939 1269 2944; x_wconf 95' lang='lat'>·</span> 
     </span>
     <span class='ocr_line' id='line_1_23' title="bbox 52 3003 1152 3113; baseline 0.006 -23"><span class='ocrx_word' id='word_1_160' title='bbox 52 3003 213 3113; x_wconf 82' lang='lat' dir='ltr'><strong>utroque</strong></span> <span class='ocrx_word' id='word_1_161' title='bbox 247 3036 379 3113; x_wconf 83' lang='lat' dir='ltr'><strong>genere</strong></span> <span class='ocrx_word' id='word_1_162' title='bbox 411 3037 554 3112; x_wconf 79' lang='lat' dir='ltr'><strong>pugnae</strong></span> <span class='ocrx_word' id='word_1_163' title='bbox 585 3012 792 3111; x_wconf 87' lang='lat' dir='ltr'><strong>complures</strong></span> <span class='ocrx_word' id='word_1_164' title='bbox 824 3019 911 3090; x_wconf 90' lang='lat' dir='ltr'><strong>sunt</strong></span> <span class='ocrx_word' id='word_1_165' title='bbox 938 3017 1152 3097; x_wconf 83' lang='lat' dir='ltr'><strong>vulneribus</strong></span> 
     </span>
     <span class='ocr_line' id='line_1_24' title="bbox 53 3125 1152 3230; baseline 0.006 -28"><span class='ocrx_word' id='word_1_166' title='bbox 53 3131 217 3219; x_wconf 81' lang='lat' dir='ltr'><strong>adlecti,</strong></span> <span class='ocrx_word' id='word_1_167' title='bbox 242 3130 280 3202; x_wconf 91' lang='lat' dir='ltr'><strong>in</strong></span> <span class='ocrx_word' id='word_1_168' title='bbox 307 3127 388 3227; x_wconf 91' lang='lat' dir='ltr'><strong>quis</strong></span> <span class='ocrx_word' id='word_1_169' title='bbox 413 3129 526 3202; x_wconf 76' lang='lat' dir='ltr'><strong>etiam</strong></span> <span class='ocrx_word' id='word_1_170' title='bbox 543 3125 694 3200; x_wconf 85' lang='lat' dir='ltr'><strong>Clodius</strong></span> <span class='ocrx_word' id='word_1_171' title='bbox 719 3129 911 3226; x_wconf 77' lang='lat' dir='ltr'><strong>Aquilius:</strong></span> <span class='ocrx_word' id='word_1_172' title='bbox 937 3133 1034 3205; x_wconf 85' lang='lat' dir='ltr'><strong>inter·</strong></span> <span class='ocrx_word' id='word_1_173' title='bbox 1061 3161 1152 3230; x_wconf 89' lang='lat' dir='ltr'><strong>quos</strong></span> 
     </span>
     <span class='ocr_line' id='line_1_25' title="bbox 87 3308 1153 3387; baseline 0.007 -19"><span class='ocrx_word' id='word_1_174' title='bbox 87 3335 132 3368; x_wconf 86' lang='lat' dir='ltr'><strong>nee</strong></span> <span class='ocrx_word' id='word_1_175' title='bbox 143 3311 309 3366; x_wconf 72' lang='lat' dir='ltr'><strong>detinentibus</strong></span> <span class='ocrx_word' id='word_1_176' title='bbox 321 3319 427 3367; x_wconf 80' lang='lat' dir='ltr'><strong>nostrie.</strong></span> <span class='ocrx_word' id='word_1_177' title='bbox 438 3315 507 3367; x_wconf 87' lang='lat' dir='ltr'><strong>Puto</strong></span> <span class='ocrx_word' id='word_1_178' title='bbox 515 3334 574 3368; x_wconf 86' lang='lat' dir='ltr'><strong>sen·</strong></span> <span class='ocrx_word' id='word_1_179' title='bbox 639 3322 684 3369; x_wconf 86' lang='lat' dir='ltr'><strong>eis.</strong></span> <span class='ocrx_word' id='word_1_180' title='bbox 707 3308 810 3370; x_wconf 75' lang='lat' dir='ltr'><strong>Sed&#39;ne</strong></span> <span class='ocrx_word' id='word_1_181' title='bbox 827 3318 863 3370; x_wconf 85' lang='lat' dir='ltr'><strong>sie</strong></span> <span class='ocrx_word' id='word_1_182' title='bbox 880 3317 984 3387; x_wconf 85' lang='lat' dir='ltr'><strong>quidem</strong></span> <span class='ocrx_word' id='word_1_183' title='bbox 1002 3329 1104 3372; x_wconf 77' lang='lat' dir='ltr'><strong>constat</strong></span> <span class='ocrx_word' id='word_1_184' title='bbox 1121 3323 1153 3375; x_wconf 90' lang='lat' dir='ltr'><strong>de</strong></span> 
     </span>
     <span class='ocr_line' id='line_1_26' title="bbox 55 3382 1154 3466; baseline 0.004 -30"><span class='ocrx_word' id='word_1_185' title='bbox 55 3403 113 3436; x_wconf 87' lang='lat' dir='ltr'><strong>sum</strong></span> <span class='ocrx_word' id='word_1_186' title='bbox 124 3401 196 3461; x_wconf 73' lang='lat' dir='ltr'><strong>esse,</strong></span> <span class='ocrx_word' id='word_1_187' title='bbox 213 3399 294 3451; x_wconf 85' lang='lat' dir='ltr'><strong>quum</strong></span> <span class='ocrx_word' id='word_1_188' title='bbox 307 3383 391 3436; x_wconf 83' lang='lat' dir='ltr'><strong>nostri</strong></span> <span class='ocrx_word' id='word_1_189' title='bbox 402 3397 446 3433; x_wconf 85' lang='lat' dir='ltr'><strong>eos</strong></span> <span class='ocrx_word' id='word_1_190' title='bbox 457 3382 573 3463; x_wconf 79' lang='lat' dir='ltr'><strong>detinere</strong></span> <span class='ocrx_word' id='word_1_191' title='bbox 640 3403 725 3466; x_wconf 76' lang='lat' dir='ltr'><strong>sensu.</strong></span> <span class='ocrx_word' id='word_1_192' title='bbox 737 3384 915 3460; x_wconf 65' lang='lat' dir='ltr'><strong>(llendorpirrs</strong></span> <span class='ocrx_word' id='word_1_193' title='bbox 929 3385 1098 3438; x_wconf 77' lang='lat' dir='ltr'><strong>meluitndter·</strong></span> <span class='ocrx_word' id='word_1_194' title='bbox 1107 3408 1154 3456; x_wconf 80' lang='lat' dir='ltr'><strong>pro</strong></span> 
     </span>
     <span class='ocr_line' id='line_1_27' title="bbox 49 3447 1153 3594; baseline -0.001 -25"><span class='ocrx_word' id='word_1_195' title='bbox 49 3448 575 3594; x_wconf 38' lang='lat' dir='ltr'><strong>‘sstutssmtsdttz</strong></span> <span class='ocrx_word' id='word_1_196' title='bbox 641 3447 1062 3587; x_wconf 58' lang='lat' dir='ltr'><strong>e·„‚ttt;=³:::·ttgt‚tt.“⁸²⁶-</strong></span> <span class='ocrx_word' id='word_1_197' title='bbox 1085 3458 1153 3510; x_wconf 63' lang='lat'><strong>⁰⁰0¹·</strong></span> 
     </span>
    </p>
   </div>
   <div class='ocr_carea' id='block_1_4' title="bbox 50 3581 1160 4384">
    <p class='ocr_par' dir='ltr' id='par_1_4' title="bbox 55 3581 1156 3654">
     <span class='ocr_line' id='line_1_28' title="bbox 55 3581 1156 3654; baseline 0.005 -18"><span class='ocrx_word' id='word_1_198' title='bbox 55 3585 168 3652; x_wconf 83' lang='lat' dir='ltr'><strong>dorpius</strong></span> <span class='ocrx_word' id='word_1_199' title='bbox 185 3581 267 3634; x_wconf 87' lang='lat' dir='ltr'><strong>vidit.</strong></span> <span class='ocrx_word' id='word_1_200' title='bbox 285 3582 453 3634; x_wconf 79' lang='lat' dir='ltr'><strong>Ceeseneuos</strong></span> <span class='ocrx_word' id='word_1_201' title='bbox 464 3599 517 3634; x_wconf 84' lang='lat' dir='ltr'><strong>non</strong></span> <span class='ocrx_word' id='word_1_202' title='bbox 530 3584 575 3635; x_wconf 83' lang='lat' dir='ltr'><strong>de·</strong></span> <span class='ocrx_word' id='word_1_203' title='bbox 674 3589 728 3636; x_wconf 84' lang='lat' dir='ltr'><strong>viri</strong></span> <span class='ocrx_word' id='word_1_204' title='bbox 744 3603 800 3635; x_wconf 82' lang='lat' dir='ltr'><strong>casu</strong></span> <span class='ocrx_word' id='word_1_205' title='bbox 815 3590 911 3654; x_wconf 82' lang='lat' dir='ltr'><strong>passim</strong></span> <span class='ocrx_word' id='word_1_206' title='bbox 928 3585 1026 3635; x_wconf 79' lang='lat' dir='ltr'><strong>nectito.</strong></span> <span class='ocrx_word' id='word_1_207' title='bbox 1048 3582 1096 3638; x_wconf 74' lang='lat' dir='ltr'><strong>Pro</strong></span> <span class='ocrx_word' id='word_1_208' title='bbox 1114 3587 1156 3642; x_wconf 87' lang='lat' dir='ltr'><strong>bis</strong></span> 
     </span>
    </p>

    <p class='ocr_par' dir='ltr' id='par_1_5' title="bbox 57 3648 1157 3722">
     <span class='ocr_line' id='line_1_29' title="bbox 57 3648 1157 3722; baseline 0.004 -20"><span class='ocrx_word' id='word_1_209' title='bbox 57 3652 132 3702; x_wconf 86' lang='lat' dir='ltr'><strong>siisee</strong></span> <span class='ocrx_word' id='word_1_210' title='bbox 144 3669 166 3702; x_wconf 84' lang='lat' dir='ltr'><strong>e·</strong></span> <span class='ocrx_word' id='word_1_211' title='bbox 179 3649 322 3718; x_wconf 65' lang='lat' dir='ltr'><strong>perstitisse</strong></span> <span class='ocrx_word' id='word_1_212' title='bbox 332 3648 522 3701; x_wconf 81' lang='lat' dir='ltr'><strong>ioruunieudo.</strong></span> <span class='ocrx_word' id='word_1_213' title='bbox 540 3649 576 3700; x_wconf 83' lang='lat' dir='ltr'><strong>Et</strong></span> <span class='ocrx_word' id='word_1_214' title='bbox 642 3659 682 3704; x_wconf 84' lang='lat' dir='ltr'><strong>est</strong></span> <span class='ocrx_word' id='word_1_215' title='bbox 697 3653 726 3702; x_wconf 88' lang='lat' dir='ltr'><strong>iu</strong></span> <span class='ocrx_word' id='word_1_216' title='bbox 743 3651 826 3702; x_wconf 89' lang='lat' dir='ltr'><strong>tribus</strong></span> <span class='ocrx_word' id='word_1_217' title='bbox 844 3651 921 3703; x_wconf 88' lang='lat' dir='ltr'><strong>bonis</strong></span> <span class='ocrx_word' id='word_1_218' title='bbox 939 3651 1013 3704; x_wconf 71' lang='lat' dir='ltr'><strong>codd.</strong></span> <span class='ocrx_word' id='word_1_219' title='bbox 1037 3661 1157 3722; x_wconf 82' lang='lat' dir='ltr'><strong>tenrpnrie</strong></span> 
     </span>
    </p>

    <p class='ocr_par' dir='ltr' id='par_1_6' title="bbox 58 3713 1157 3787">
     <span class='ocr_line' id='line_1_30' title="bbox 58 3713 1157 3787; baseline 0.004 -18"><span class='ocrx_word' id='word_1_220' title='bbox 58 3716 108 3774; x_wconf 81' lang='lat' dir='ltr'><strong>boc</strong></span> <span class='ocrx_word' id='word_1_221' title='bbox 125 3717 213 3768; x_wconf 77' lang='lat' dir='ltr'><strong>verius</strong></span> <span class='ocrx_word' id='word_1_222' title='bbox 228 3723 277 3768; x_wconf 82' lang='lat' dir='ltr'><strong>est.</strong></span> <span class='ocrx_word' id='word_1_223' title='bbox 291 3716 337 3768; x_wconf 83' lang='lat' dir='ltr'><strong>M.</strong></span> <span class='ocrx_word' id='word_1_224' title='bbox 358 3713 442 3768; x_wconf 79' lang='lat' dir='ltr'><strong>tenu</strong></span> <span class='ocrx_word' id='word_1_225' title='bbox 465 3720 575 3768; x_wconf 77' lang='lat' dir='ltr'><strong>reniten-</strong></span> <span class='ocrx_word' id='word_1_226' title='bbox 642 3722 736 3786; x_wconf 78' lang='lat' dir='ltr'><strong>aquari</strong></span> <span class='ocrx_word' id='word_1_227' title='bbox 749 3718 835 3786; x_wconf 78' lang='lat' dir='ltr'><strong>Jbrtis</strong></span> <span class='ocrx_word' id='word_1_228' title='bbox 858 3723 975 3785; x_wconf 73' lang='lat' dir='ltr'><strong>insignia.</strong></span> <span class='ocrx_word' id='word_1_229' title='bbox 1002 3717 1071 3787; x_wconf 88' lang='lat' dir='ltr'><strong>Quis</strong></span> <span class='ocrx_word' id='word_1_230' title='bbox 1093 3722 1157 3774; x_wconf 77' lang='lat' dir='ltr'><strong>baec</strong></span> 
     </span>
    </p>

    <p class='ocr_par' dir='ltr' id='par_1_7' title="bbox 58 3781 1157 3838">
     <span class='ocr_line' id='line_1_31' title="bbox 58 3781 1157 3838; baseline 0.005 -4"><span class='ocrx_word' id='word_1_231' title='bbox 58 3785 133 3834; x_wconf 81' lang='lat' dir='ltr'><strong>tibus.</strong></span> <span class='ocrx_word' id='word_1_232' title='bbox 642 3783 769 3836; x_wconf 81' lang='lat' dir='ltr'><strong>extricet?</strong></span> <span class='ocrx_word' id='word_1_233' title='bbox 785 3783 883 3836; x_wconf 75' lang='lat' dir='ltr'><strong>Saltem</strong></span> <span class='ocrx_word' id='word_1_234' title='bbox 901 3781 961 3835; x_wconf 81' lang='lat' dir='ltr'><strong>talis</strong></span> <span class='ocrx_word' id='word_1_235' title='bbox 975 3783 1157 3838; x_wconf 81' lang='lat' dir='ltr'><strong>incredibilem</strong></span> 
     </span>
    </p>

    <p class='ocr_par' dir='ltr' id='par_1_8' title="bbox 50 3847 1158 3924">
     <span class='ocr_line' id='line_1_32' title="bbox 50 3847 1158 3924; baseline 0.004 -22"><span class='ocrx_word' id='word_1_236' title='bbox 50 3887 53 3892; x_wconf 89' lang='lat'><em>-</em></span> <span class='ocrx_word' id='word_1_237' title='bbox 89 3849 147 3902; x_wconf 81' lang='lat' dir='ltr'><strong>Hie</strong></span> <span class='ocrx_word' id='word_1_238' title='bbox 163 3859 248 3900; x_wconf 69' lang='lat' dir='ltr'><strong>mm</strong></span> <span class='ocrx_word' id='word_1_239' title='bbox 255 3865 436 3916; x_wconf 51' lang='lat' dir='ltr'><strong>*pensauren</strong></span> <span class='ocrx_word' id='word_1_240' title='bbox 456 3847 499 3901; x_wconf 81' lang='lat' dir='ltr'><strong>sic</strong></span> <span class='ocrx_word' id='word_1_241' title='bbox 516 3847 576 3900; x_wconf 76' lang='lat' dir='ltr'><strong>Lei·</strong></span> <span class='ocrx_word' id='word_1_242' title='bbox 643 3849 720 3902; x_wconf 85' lang='lat' dir='ltr'><strong>lnrins</strong></span> <span class='ocrx_word' id='word_1_243' title='bbox 736 3849 798 3901; x_wconf 88' lang='lat' dir='ltr'><strong>libri</strong></span> <span class='ocrx_word' id='word_1_244' title='bbox 814 3852 1013 3920; x_wconf 76' lang='lat' dir='ltr'><strong>coemptionem</strong></span> <span class='ocrx_word' id='word_1_245' title='bbox 1025 3859 1052 3902; x_wconf 86' lang='lat' dir='ltr'><strong>et</strong></span> <span class='ocrx_word' id='word_1_246' title='bbox 1065 3872 1158 3924; x_wconf 76' lang='lat' dir='ltr'><strong>pereu-</strong></span> 
     </span>
    </p>

    <p class='ocr_par' dir='ltr' id='par_1_9' title="bbox 58 3915 942 4034">
     <span class='ocr_line' id='line_1_33' title="bbox 58 3915 942 4034; baseline -0.001 -67"><span class='ocrx_word' id='word_1_247' title='bbox 58 3917 149 3968; x_wconf 87' lang='lat' dir='ltr'><strong>deusis</strong></span> <span class='ocrx_word' id='word_1_248' title='bbox 161 3917 275 3984; x_wconf 75' lang='lat' dir='ltr'><strong>prinus,</strong></span> <span class='ocrx_word' id='word_1_249' title='bbox 289 3915 422 4034; x_wconf 32' lang='lat' dir='ltr'><strong>uisssotprdod</strong></span> <span class='ocrx_word' id='word_1_250' title='bbox 435 3928 576 3984; x_wconf 71' lang='lat' dir='ltr'><strong>protester:</strong></span> <span class='ocrx_word' id='word_1_251' title='bbox 631 3916 745 3986; x_wconf 71' lang='lat' dir='ltr'><strong>&#39;tiquam</strong></span> <span class='ocrx_word' id='word_1_252' title='bbox 761 3926 882 3986; x_wconf 78' lang='lat' dir='ltr'><strong>arguunt.</strong></span> <span class='ocrx_word' id='word_1_253' title='bbox 900 3919 942 3968; x_wconf 89' lang='lat' dir='ltr'><strong>M.</strong></span> 
     </span>
    </p>

    <p class='ocr_par' dir='ltr' id='par_1_10' title="bbox 57 3981 1158 4046">
     <span class='ocr_line' id='line_1_34' title="bbox 57 3981 1158 4046; baseline 0.005 -12"><span class='ocrx_word' id='word_1_254' title='bbox 57 3992 99 4034; x_wconf 86' lang='lat' dir='ltr'><strong>est</strong></span> <span class='ocrx_word' id='word_1_255' title='bbox 121 3981 191 4034; x_wconf 72' lang='lat' dir='ltr'><strong>dures.</strong></span> <span class='ocrx_word' id='word_1_256' title='bbox 220 3982 307 4034; x_wconf 62' lang='lat' dir='ltr'><strong>Gemi</strong></span> <span class='ocrx_word' id='word_1_257' title='bbox 398 3991 484 4033; x_wconf 85' lang='lat' dir='ltr'><strong>.sunt</strong></span> <span class='ocrx_word' id='word_1_258' title='bbox 501 3981 576 4034; x_wconf 84' lang='lat' dir='ltr'><strong>velde</strong></span> <span class='ocrx_word' id='word_1_259' title='bbox 676 3985 798 4034; x_wconf 83' lang='lat' dir='ltr'><strong>interiore</strong></span> <span class='ocrx_word' id='word_1_260' title='bbox 822 3985 884 4036; x_wconf 84' lang='lat' dir='ltr'><strong>loco.</strong></span> <span class='ocrx_word' id='word_1_261' title='bbox 909 3981 1042 4046; x_wconf 75' lang='lat' dir='ltr'><strong>Fortasse,</strong></span> <span class='ocrx_word' id='word_1_262' title='bbox 1065 4004 1098 4038; x_wconf 74' lang='lat' dir='ltr'><strong>eu</strong></span> <span class='ocrx_word' id='word_1_263' title='bbox 1119 3990 1158 4040; x_wconf 81' lang='lat' dir='ltr'><strong>iu·</strong></span> 
     </span>
    </p>

    <p class='ocr_par' dir='ltr' id='par_1_11' title="bbox 59 4047 878 4122">
     <span class='ocr_line' id='line_1_35' title="bbox 59 4047 878 4122; baseline 0.002 -24"><span class='ocrx_word' id='word_1_264' title='bbox 59 4047 206 4117; x_wconf 74' lang='lat' dir='ltr'><strong>depravati.</strong></span> <span class='ocrx_word' id='word_1_265' title='bbox 227 4049 257 4105; x_wconf 77' lang='lat' dir='ltr'><strong>si</strong></span> <span class='ocrx_word' id='word_1_266' title='bbox 271 4049 328 4117; x_wconf 83' lang='lat' dir='ltr'><strong>quis</strong></span> <span class='ocrx_word' id='word_1_267' title='bbox 339 4066 400 4099; x_wconf 86' lang='lat' dir='ltr'><strong>cum</strong></span> <span class='ocrx_word' id='word_1_268' title='bbox 411 4047 577 4117; x_wconf 74' lang='lat' dir='ltr'><strong>Glandorplo</strong></span> <span class='ocrx_word' id='word_1_269' title='bbox 635 4049 738 4122; x_wconf 62' lang='lat' dir='ltr'><strong>satore</strong></span> <span class='ocrx_word' id='word_1_270' title='bbox 754 4051 819 4100; x_wconf 80' lang='lat' dir='ltr'><strong>loco.</strong></span> <span class='ocrx_word' id='word_1_271' title='bbox 836 4051 878 4100; x_wconf 89' lang='lat' dir='ltr'><strong>M.</strong></span> 
     </span>
    </p>

    <p class='ocr_par' dir='ltr' id='par_1_12' title="bbox 59 4114 1160 4214">
     <span class='ocr_line' id='line_1_36' title="bbox 59 4114 1160 4214; baseline 0.005 -48"><span class='ocrx_word' id='word_1_272' title='bbox 59 4115 114 4166; x_wconf 79' lang='lat' dir='ltr'><strong>Hie</strong></span> <span class='ocrx_word' id='word_1_273' title='bbox 131 4127 186 4166; x_wconf 74' lang='lat' dir='ltr'><strong>tusa</strong></span> <span class='ocrx_word' id='word_1_274' title='bbox 201 4114 289 4174; x_wconf 75' lang='lat' dir='ltr'><strong>uelit,</strong></span> <span class='ocrx_word' id='word_1_275' title='bbox 306 4115 356 4166; x_wconf 82' lang='lat' dir='ltr'><strong>erit</strong></span> <span class='ocrx_word' id='word_1_276' title='bbox 371 4114 487 4175; x_wconf 82' lang='lat' dir='ltr'><strong>dietum,</strong></span> <span class='ocrx_word' id='word_1_277' title='bbox 505 4125 533 4166; x_wconf 85' lang='grc' dir='ltr'><strong>ιιι</strong></span> <span class='ocrx_word' id='word_1_278' title='bbox 545 4117 578 4167; x_wconf 83' lang='lat' dir='ltr'><strong>ibi</strong></span> <span class='ocrx_word' id='word_1_279' title='bbox 677 4133 693 4165; x_wconf 85' lang='lat' dir='ltr'><em>a</em></span> <span class='ocrx_word' id='word_1_280' title='bbox 711 4121 809 4167; x_wconf 79' lang='lat' dir='ltr'><strong>turmis.</strong></span> <span class='ocrx_word' id='word_1_281' title='bbox 825 4117 872 4169; x_wconf 85' lang='lat' dir='ltr'><strong>Sic</strong></span> <span class='ocrx_word' id='word_1_282' title='bbox 889 4115 964 4170; x_wconf 84' lang='lat' dir='ltr'><strong>codd.</strong></span> <span class='ocrx_word' id='word_1_283' title='bbox 990 4117 1046 4171; x_wconf 79' lang='lat' dir='ltr'><strong>Alii</strong></span> <span class='ocrx_word' id='word_1_284' title='bbox 1062 4132 1088 4172; x_wconf 81' lang='lat' dir='ltr'><strong>et</strong></span> <span class='ocrx_word' id='word_1_285' title='bbox 1102 4133 1160 4214; x_wconf 57' lang='lat' dir='ltr'><strong>pu·-</strong></span> 
     </span>
    </p>

    <p class='ocr_par' dir='ltr' id='par_1_13' title="bbox 60 4179 974 4251">
     <span class='ocr_line' id='line_1_37' title="bbox 60 4179 974 4251; baseline 0.002 -21"><span class='ocrx_word' id='word_1_286' title='bbox 60 4193 115 4230; x_wconf 77' lang='lat' dir='ltr'><strong>uun</strong></span> <span class='ocrx_word' id='word_1_287' title='bbox 132 4179 204 4251; x_wconf 82' lang='lat' dir='ltr'><strong>apud</strong></span> <span class='ocrx_word' id='word_1_288' title='bbox 221 4181 385 4241; x_wconf 81' lang='lat' dir='ltr'><strong>Ciceronem,</strong></span> <span class='ocrx_word' id='word_1_289' title='bbox 410 4181 457 4234; x_wconf 91' lang='lat' dir='ltr'><strong>ubi</strong></span> <span class='ocrx_word' id='word_1_290' title='bbox 474 4189 577 4243; x_wconf 75' lang='lat' dir='ltr'><strong>serrat,</strong></span> <span class='ocrx_word' id='word_1_291' title='bbox 643 4186 700 4234; x_wconf 83' lang='lat' dir='ltr'><strong>mis.</strong></span> <span class='ocrx_word' id='word_1_292' title='bbox 968 4222 974 4232; x_wconf 86' lang='lat'>.</span> 
     </span>
    </p>

    <p class='ocr_par' dir='ltr' id='par_1_14' title="bbox 60 4246 1159 4384">
     <span class='ocr_line' id='line_1_38' title="bbox 60 4246 1159 4322; baseline 0.008 -25"><span class='ocrx_word' id='word_1_293' title='bbox 60 4258 87 4298; x_wconf 86' lang='lat' dir='ltr'><strong>et</strong></span> <span class='ocrx_word' id='word_1_294' title='bbox 104 4247 200 4300; x_wconf 76' lang='lat' dir='ltr'><strong>transit</strong></span> <span class='ocrx_word' id='word_1_295' title='bbox 213 4246 250 4298; x_wconf 80' lang='lat' dir='ltr'><strong>erl</strong></span> <span class='ocrx_word' id='word_1_296' title='bbox 267 4246 347 4300; x_wconf 77' lang='lat' dir='ltr'><strong>eliud.</strong></span> <span class='ocrx_word' id='word_1_297' title='bbox 369 4247 411 4299; x_wconf 86' lang='grc' dir='ltr'><strong>Μ.</strong></span> <span class='ocrx_word' id='word_1_298' title='bbox 678 4261 898 4316; x_wconf 82' lang='lat' dir='ltr'><strong>eques-posset.</strong></span> <span class='ocrx_word' id='word_1_299' title='bbox 931 4249 986 4304; x_wconf 77' lang='lat' dir='ltr'><strong>Alii</strong></span> <span class='ocrx_word' id='word_1_300' title='bbox 1014 4257 1109 4322; x_wconf 76' lang='lat' dir='ltr'><strong>equites</strong></span> <span class='ocrx_word' id='word_1_301' title='bbox 1127 4283 1159 4296; x_wconf 91' lang='lat'>-</span> 
     </span>
     <span class='ocr_line' id='line_1_39' title="bbox 93 4312 754 4384; baseline 0 -20"><span class='ocrx_word' id='word_1_302' title='bbox 93 4315 153 4379; x_wconf 86' lang='lat' dir='ltr'><strong>Ita,</strong></span> <span class='ocrx_word' id='word_1_303' title='bbox 174 4331 252 4380; x_wconf 78' lang='lat' dir='ltr'><strong>quum</strong></span> <span class='ocrx_word' id='word_1_304' title='bbox 268 4317 342 4364; x_wconf 84' lang='lat' dir='ltr'><strong>ir-.</strong></span> <span class='ocrx_word' id='word_1_305' title='bbox 372 4315 473 4366; x_wconf 88' lang='lat' dir='ltr'><strong>Vitium</strong></span> <span class='ocrx_word' id='word_1_306' title='bbox 492 4323 533 4365; x_wconf 88' lang='lat' dir='ltr'><strong>est</strong></span> <span class='ocrx_word' id='word_1_307' title='bbox 547 4312 577 4364; x_wconf 86' lang='lat' dir='ltr'><strong>iu</strong></span> <span class='ocrx_word' id='word_1_308' title='bbox 643 4327 754 4384; x_wconf 83' lang='lat' dir='ltr'><strong>possent.</strong></span> 
     </span>
    </p>
   </div>
   <div class='ocr_carea' id='block_1_5' title="bbox 63 4375 1159 4464">
    <p class='ocr_par' dir='ltr' id='par_1_15' title="bbox 63 4375 1159 4464">
     <span class='ocr_line' id='line_1_40' title="bbox 63 4375 1159 4464; baseline 0.008 -37"><span class='ocrx_word' id='word_1_309' title='bbox 63 4379 140 4464; x_wconf 77' lang='lat' dir='ltr'><strong>verbo</strong></span> <span class='ocrx_word' id='word_1_310' title='bbox 153 4385 188 4441; x_wconf 77' lang='lat' dir='ltr'><strong>ir,</strong></span> <span class='ocrx_word' id='word_1_311' title='bbox 207 4399 255 4450; x_wconf 81' lang='lat' dir='ltr'><strong>pro</strong></span> <span class='ocrx_word' id='word_1_312' title='bbox 269 4399 321 4451; x_wconf 82' lang='lat' dir='ltr'><strong>quo</strong></span> <span class='ocrx_word' id='word_1_313' title='bbox 333 4379 468 4434; x_wconf 78' lang='lat' dir='ltr'><strong>duecodd.</strong></span> <span class='ocrx_word' id='word_1_314' title='bbox 478 4379 577 4434; x_wconf 78' lang='lat' dir='ltr'><strong>lrebeut</strong></span> <span class='ocrx_word' id='word_1_315' title='bbox 675 4382 803 4451; x_wconf 75' lang='lat' dir='ltr'><strong>Aquilius.</strong></span> <span class='ocrx_word' id='word_1_316' title='bbox 812 4381 1017 4451; x_wconf 71' lang='lat' dir='ltr'><strong>Ali&#39;iArpvin&#39;ns.</strong></span> <span class='ocrx_word' id='word_1_317' title='bbox 1027 4375 1159 4455; x_wconf 59' lang='lat' dir='ltr'><strong>Aquinus.</strong></span> 
     </span>
    </p>
   </div>
   <div class='ocr_carea' id='block_1_6' title="bbox 0 0 1528 5320">
    <p class='ocr_par' dir='ltr' id='par_1_16' title="bbox 0 0 1528 5320">
     <span class='ocr_line' id='line_1_41' title="bbox 0 0 1528 5320; baseline 0 0"><span class='ocrx_word' id='word_1_318' title='bbox 0 0 1528 5320; x_wconf 95' lang='lat' dir='ltr'><strong> </strong></span> 
     </span>
    </p>
   </div>
  </div>
 </body>
</html>
