3044 5316
384 371 466 439 nlo.
502 377 595 440 car.
635 343 710 442 32.
748 341 824 445 33.
1108 349 1168 450 33

51 577 315 656 Alexandriam
333 605 423 656 cum
441 583 630 680 equitibus
660 585 856 660 contendit
879 593 992 686 atque
1006 613 1050 665 ea
1063 599 1170 692 parte

8 719 9 724 ¹
50 696 170 794 oppidi
202 698 327 769 victor
351 697 516 789 introiit,
542 721 638 797 quae
665 701 853 800 praesidio
875 701 1041 778 hostium
1068 713 1171 780 tene-

47 812 173 886 batur.
236 815 367 910 Neque
395 837 483 888 eum
517 815 717 889 eonsilium
758 841 868 892 suum
895 818 1051 906 fefellit,
1079 824 1170 920 quin

49 930 196 1020 hostes,
221 949 267 1005 eo
294 929 437 1030 proelio
456 929 613 1021 audito,
630 930 722 1004 nihil
747 933 823 1005 iam
850 933 895 1008 de
920 932 1019 1008 bello
1045 947 1171 1014 essent

46 1049 265 1146 cogitaturi.
301 1048 469 1146 Dignum
508 1047 709 1122 adveniens
747 1043 917 1124 fructum
951 1053 1103 1128 virtutis
1131 1063 1171 1134 et

8 1175 9 1180 ’
48 1163 159 1235 animi
204 1159 472 1265 magnitudinis
510 1162 628 1251 tulit;
663 1166 784 1240 omnis
825 1169 924 1241 enim
964 1170 1169 1250 multitudo

46 1277 347 1376 oppidanorum,
372 1279 485 1352 armis
511 1278 689 1375 proiectis
716 1281 1059 1384 munitionibusque
1093 1289 1169 1362 suis

47 1391 212 1481 relictis,
235 1397 340 1465 veste
366 1417 410 1464 ea
435 1399 587 1483 sumta,
612 1416 688 1492 qua
714 1395 899 1496 subplices
930 1395 1169 1476 dominantes

48 1503 241 1602 deprecari
268 1515 566 1598 consueverunt,
588 1511 776 1608 sacrisque
794 1509 967 1584 omnibus
994 1511 1170 1610 prolatis,

47 1641 212 1714 quorum
239 1621 416 1723 religione
445 1625 587 1720 precari
614 1625 787 1698 obtensos
813 1625 1004 1722 iratosque
1024 1628 1169 1704 animos

8 1805 9 1808 ,
47 1738 197 1838 Regum
224 1733 333 1813 era'nt
357 1737 478 1829 soliti,
505 1739 722 1843 advenienti
744 1743 890 1816 Caesari
921 1755 1171 1824 occurrerunt

46 1873 157 1948 seque
189 1853 223 1926 ei
250 1853 485 1928 dediderunt.
517 1855 654 1930 Caesar
678 1859 717 1928 in
743 1857 856 1932 fidem
881 1864 1053 1958 receptos
1080 1885 1170 1934 con·

46 1965 216 2056 solatus,
243 1991 310 2065 per
337 1967 504 2043 hostium
542 1973 771 2046 munitiones
801 1973 840 2045 in
873 1997 982 2046 suam
1021 1979 1169 2072 partem

48 2079 171 2176 oppidi
207 2104 344 2180 magna
378 2084 631 2182 gratulatione
658 2088 765 2160 venit
790 2111 975 2182 suorum,
1000 2089 1065 2186 qai
1093 2113 1170 2164 non

47 2203 201 2268 tantum
227 2197 368 2269 bellum
395 2202 518 2299 ipsum
551 2226 595 2274 ac
627 2200 936 2294 dimicationem,
962 2205 1169 2290 sedetiam

49 2313 162 2387 talem
192 2313 398 2389 adventum
424 2320 504 2390 eius
524 2317 669 2394 felicem
696 2317 808 2393 fuisse
835 2319 1087 2396 laetabantur.

93 2433 157 2505 33.-
194 2419 359 2524 Caesar,
390 2435 563 2536 Aegypto
599 2441 714 2532 atque
749 2433 974 2509 Alexandria
1000 2442 1170 2537 potitus,

47 2547 167 2648 Reges
188 2550 407 2640 constituit,
434 2573 528 2646 quos
554 2549 790 2622 Ptolemaeus
807 2555 1035 2625 testamento
1055 2556 1173 2652 scrip-

50 2670 146 2736 serat
176 2670 291 2760 atque
317 2666 528 2740 obtestatus
555 2673 637 2740 erat
663 2665 847 2766 Populum
868 2669 1102 2760 Romanum,
1121 2695 1169 2746 ne

53 2789 307 2855 mutarentur.
333 2785 456 2874 Nam,
490 2785 631 2862 maiore
659 2807 706 2858 ex
731 2783 879 2858 duobus
914 2788 1038 2884 pueris
1071 2791 1173 2890 Rege

51 2900 213 2988 amisso,
239 2901 374 2972 minori
406 2899 607 2974 transdidit
644 2901 845 2999 Regnum,
884 2901 1091 2998 maiorique
1125 2927 1173 2976 ex
1245 2929 1247 2934 ·

49 3014 196 3086 duabus
212 3013 314 3104 filiis,
331 3013 571 3114 Cleopatrae,
589 3033 684 3113 quae
702 3021 893 3090 manserat
917 3018 954 3090 in
981 3018 1052 3092 fide
1072 3045 1172 3119 prae·

47 3132 227 3230 aldiisque
246 3132 346 3226 eius3
371 3133 557 3206 minorem
573 3133 776 3222 Arsinot‘n,
805 3134 911 3206 cuius
937 3137 1089 3210 nomine
1107 3138 1170 3212 diu

76 3363 146 3402 resta
167 3367 200 3401 aa
217 3361 309 3400 sumta.
328 3347 491 3418 Simpliciter
506 3347 581 3400 vilio

47 3434 98 3469 rem
116 3427 146 3469 et
165 3417 295 3469 detritam
310 3426 376 3486 puto
396 3415 483 3468 intelli
504 3417 519 3466 '.
542 3415 580 3466 Μ.

47 3482 160 3539 Sordida
187 3485 267 3536 vestis
285 3483 451 3552 intelligitur.
497 3483 582 3535 ,Ροε-

47 3555 126 3605 rarius
154 3551 192 3604 de
209 3569 237 3603 re
254 3561 320 3603 vest.
342 3567 373 3613 1,
395 3567 425 3600 τι
445 3567 483 3602 s.
508 3549 582 3602 Con·

47 3623 117 3672 seuit
135 3620 169 3672 h.
189 3619 207 3670 l.
225 3637 255 3682 eo
273 3619 377 3686 magis,
400 3635 436 3688 qu
497 3620 521 3669 A
572 3647 583 3683 .·

47 3689 97 3754 ptii
123 3685 242 3741 candida
265 3691 337 3738 veste
366 3692 515 3738 uterentur·
523 3637 581 3737 ‘a'

47 3755 143 3808 Herod.
167 3771 202 3815 2,
219 3757 261 3806 81.

77 3821 214 3891 praelatis
246 3824 328 3872 saeris
356 3837 388 3872 ex
417 3817 478 3872 edd.
513 3827 582 3874 antt.

47 3905 105 3942 cum
121 3885 321 3958 Oudendorpio
338 3887 477 3942 meliorem
494 3885 583 3940 lectio

48 3975 107 4009 nem
135 3975 196 4009 esse
218 3965 292 4025 puto.
317 3955 357 4006 M.
381 3957 426 4009 sie
451 3964 479 4006 et
499 3955 530 4006 C.
550 3971 581 4012 2,

51 4023 88 4090 39.
117 4024 251 4076 Ceterum
284 4039 335 4091 pro
367 4025 396 4076 in
428 4039 484 4073 com
506 4022 584 4074 ositis
681 4065 684 4072 .

50 4109 126 4162 saepe
135 4089 287 4160 aequivalet
296 4100 329 4144 τῶ
337 4109 409 4156 praa.
420 4083 463 4141 Cf.
492 4142 494 4144 ,
510 4091 583 4160 ὶορρ.

51 4177 120 4229 susp.
142 4159 205 4212 lact.
225 4169 249 4220 4.
266 4175 307 4226 ep.
330 4167 369 4222 14.

80 4231 197 4294 precari.
228 4225 344 4276 luriuius
373 4243 433 4279 oum
461 4223 583 4276 Manutio

54 4293 145 4372 mallet
166 4293 283 4363 plaeere.
306 4291 353 4345 sed
369 4291 445 4346 codd,
467 4307 522 4342 nou
539 4291 584 4344 ada

54 4361 189 4500 dicsdnliddm
203 4425 289 4498 juisse
308 4421 479 4479 laetabantur.
507 4425 585 4480 Deis·-

647 3347 989 3486 littltul‘ltmtttlt
1003 3367 1088 3468 dasii.
1102 3367 1179 3471 'iii

649 3481 795 3543 tabantur,
816 3500 872 3534 nou
897 3491 1003 3534 tantum
1026 3482 1127 3537 hellam
1152 3493 1180 3538 et

649 3550 850 3603 dimicationem
867 3549 947 3601 talem
968 3549 1071 3613 (talem,
1092 3551 1179 3623 qualis

650 3619 756 3676 luerat,
779 3615 807 3668 h.
826 3637 848 3668 e.
867 3617 988 3684 felicem)
1007 3620 1107 3673 luisse·
1132 3620 1179 3672 sed

650 3693 677 3738 st
698 3683 843 3737 adventum
870 3681 949 3738 fuisso
974 3685 1055 3738 talem
1080 3655 1126 3750 (ir.
1155 3705 1180 3738 e.

650 3752 754 3804 salicem
765 3755 783 3816 ).
802 3751 896 3806 Voluit
913 3771 972 3822 ergo
989 3753 1087 3824 aliquis
1110 3751 1180 3806 illud

650 3817 730 3872 talam
751 3819 910 3892 ¹explicare,
938 3821 1050 3890 ideoque
1075 3818 1186 3892 addidit

646 3885 757 3957 selle-em.
774 3883 817 3938 M.
835 3887 900 3939 Rem
917 3905 962 3940 seu
975 3888 1063 3957 tetigit
1079 3886 1178 3940 Morus.

684 3989 845 4034 testamento.
863 3981 904 4034 Do
920 3980 948 4034 Β.
967 3981 997 4034 C.
1015 3980 1053 4041 3.
1071 3987 1127 4035 roll.
1140 3981 1179 4032 M.

668 4091 849 4161 Cleopatrae.
867 4091 920 4143 Dio
937 4091 1040 4145 Cassius
1054 4098 1118 4160 (42,
1136 4100 1180 4158 44)

653 4164 713 4212 cum
723 4157 772 4210 had
789 4160 913 4210 societate
926 4161 998 4226 regni
1010 4161 1182 4213 coniunctum

653 4225 735 4278 fuisse
761 4225 827 4278 dicit
853 4227 1053 4278 matrimonium
1072 4226 1181 4297 Cleopa⁴

652 4301 707 4344 trae
725 4311 784 4346 cum
802 4292 853 4346 hoc
869 4311 918 4346 suo
935 4295 1034 4346 fratre:
1063 4313 1179 4365 nempe,

652 4368 686 4411 ut
697 4378 762 4412 uaor
774 4361 862 4412 fratris
879 4370 907 4413 et
924 4363 1002 4431 pueri
1019 4362 1109 4414 omuia
1126 4361 1182 4416 sola

654 4435 744 4496 posset
760 4435 788 4479 et
804 4436 915 4482 teneret.
932 4429 976 4481 M.

158 4523 317 4598 Cassan.
343 4523 541 4598 Commeat.
592 4525 702 4601 Tom.
728 4525 776 4598 ll.
945 4519 978 4596 ll
