2998 5320
336 387 433 486 erl,
757 401 1025 464 erroneum.

313 589 419 706 irone
444 601 542 678 video
567 614 600 676 te
624 601 793 701 quiddam
818 608 1021 703 scripsisse,
1047 602 1143 701 qnod
1166 626 1232 702 ego
1251 629 1319 675 non
1339 607 1457 678 intel-

293 811 296 818 γ
333 716 428 802 lexi;
453 729 625 814 quantum
650 716 768 790 ducem
792 723 995 791 coniectura
1020 720 1276 816 consequebor,
1301 721 1342 792 id
1364 734 1460 794 erat

333 835 539 908 huiusmodi
546 889 556 920 ,
580 848 621 906 ut
645 839 766 934 magis
786 835 985 931 optandum
1010 861 1117 933 quiem
1144 837 1358 934 sperandum
1372 863 1456 934 pee-

332 966 455 1023 torem.
508 953 636 1048 ltaque
662 958 789 1050 postea
806 951 895 1022 'misi
924 950 972 1022 ad
997 951 1192 1023 Caesarem
1219 951 1348 1024 eodem
1377 951 1456 1023 illo

333 1065 504 1163 exemplo
522 1066 673 1141 litteras.
715 1069 843 1139 looum
864 1071 988 1138 autern
1008 1065 1105 1137 illius
1123 1066 1167 1138 de
1185 1092 1252 1138 sna
1271 1073 1453 1167 egestate

333 1206 378 1256 ne
396 1189 443 1256 sis
461 1190 675 1282 aspernatus
692 1190 763 1262 etc,
814 1164 879 1254 Ee
893 1180 967 1254 Cio.
984 1182 1034 1254 ad
1048 1181 1284 1282 Quintomfi.
1303 1209 1339 1266 ει,
1364 1209 1434 1256 12.

380 1363 483 1446 Libri
508 1372 596 1444 sunt
623 1362 863 1464 epistolarium
889 1365 930 1440 C.
955 1363 1120 1444 Caesaris
1139 1361 1185 1440 ad
1202 1362 1245 1435 C.
1270 1361 1454 1458 Oppium

332 1483 371 1562 et
409 1479 568 1562 Balbum
606 1481 837 1563 Cornelium,
865 1481 928 1577 qui
954 1505 1012 1552 res
1038 1480 1116 1552 eius
1142 1479 1303 1560 absentis
1330 1501 1455 1550 cura.-

331 1593 434 1666 bant.
461 1596 503 1670 ln
529 1597 584 1668 his
610 1595 771 1694 epistolis
789 1594 1008 1692 quibusdam
1024 1595 1062 1664 in
1082 1592 1172 1667 locis
1190 1591 1447 1666 inveniuntur

332 1703 479 1790 litterae
494 1708 730 1810 singulariae,
747 1711 823 1790 sine
839 1709 1066 1809 coagmentis
1080 1705 1325 1804 syllabarum,
1347 1727 1454 1800 quas

331 1826 377 1904 tu
404 1828 510 1917 putes
538 1824 674 1921 positas
699 1822 904 1909 incondite;
928 1847 1015 1908 nam
1034 1821 1149 1900 verba
1167 1843 1215 1896 ex
1231 1818 1288 1891 bis
1304 1816 1455 1891 litteris

332 1938 464 2016 confici
491 1939 590 2022 nulla
607 1948 771 2044 possunt.
812 1940 905 2022 Erat
929 1949 1056 2036 autern
1082 1943 1310 2014 conventum
1342 1936 1456 2012 inter

334 2078 397 2133 sos
423 2055 714 2152 clandestinum,
740 2057 784 2130 de
811 2055 1079 2132 commutando
1107 2057 1181 2128 situ
1207 2053 1455 2144 litterarum,

250 2167 255 2176 ’
334 2173 378 2242 ut
395 2169 583 2273 inscriptio
604 2171 751 2275 quidem
772 2170 841 2244 alia
859 2169 949 2245 aliae
966 2169 1092 2254 locum
1120 2177 1159 2248 et
1179 2191 1312 2250 nomen
1331 2173 1453 2248 tene-

303 2347 308 2355 .
333 2289 411 2354 ret:
428 2283 491 2364 sed
510 2285 547 2354 in
565 2281 719 2386 legendo
744 2285 849 2360 loeus
874 2288 1007 2384 cuique
1034 2307 1121 2360 suus
1142 2287 1181 2358 et
1199 2288 1363 2380 potestas
1386 2307 1453 2354 re-

332 2399 566 2487 stitueretur,
583 2438 635 2457 ·-
652 2405 708 2472 est
725 2399 817 2472 adeo
848 2401 958 2473 Probi
979 2401 1223 2474 Grammatici
1243 2421 1452 2478 commen-

330 2516 448 2590 tarius
474 2517 562 2589 satis
597 2518 739 2590 curiose
769 2516 911 2606 faetus,
943 2517 987 2590 de
1031 2515 1181 2589 occulta
1221 2513 1451 2590 litterarum

331 2633 597 2732 significatione
616 2631 857 2732 epistolarum
872 2633 915 2712 G.
932 2633 1098 2717 Caesaris
1116 2633 1355 2732 scriptarum.
1376 2633 1451 2704 Ex

334 2747 444 2828 Gellio
468 2771 527 2840 17,
545 2774 581 2844 9·

430 2897 664 2968 Steganogeepbiee
675 2897 726 2952 boc
737 2900 870 2968 specimen
878 2905 927 2966 est,
939 2919 953 2951 a
965 2917 1015 2970 qiu
1026 2899 1117 2952 ‹litl'ert
1125 2913 1229 2970 prorsus
1241 2897 1450 2968 tndrygrapbia,
1497 2899 1498 2902 ’

398 2977 506 3046 quaein
524 2977 594 3028 notis
611 2975 717 3030 Tironis
734 2986 761 3028 et
777 2978 887 3032 Seneca
904 2988 1043 3050 spectabu-
1061 2980 1137 3049 Opus
1153 2977 1231 3030 Probi
1243 2978 1452 3042 Grammatici‚
1497 3017 1498 3038 ἦ

398 3051 498 3123 dequo
516 3051 557 3105 bic
573 3072 677 3119 sermo,
706 3074 760 3106 non
775 3057 990 3122 confundendum
1007 3067 1047 3122 est
1061 3075 1121 3112 cum
1137 3059 1190 3122 eius
1207 3057 1297 3118 libello
1315 3058 1348 3108 cle
1365 3064 1450 3112 notis
1497 3053 1498 3056 ¹

399 3131 590 3200 Romanorum,
606 3134 653 3204 qui
669 3151 762 3188 aevum
779 3135 853 3197 tulit,
1041 3123 1044 3142 '

516 3304 522 3321 ’
574 3345 632 3416 ux
651 3345 856 3412 nnsrom
875 3349 933 3412 ro
953 3349 993 3426 o.
1013 3347 1193 3411 nnnrvn.

613 3511 619 3526 .
706 3481 843 3535 cnessn
860 3480 895 3552 Q,
912 3480 1018 3534 enn1o
1034 3481 1062 3537 s

227 3585 254 3603 ⁰
382 3595 579 3694 Pompeius
604 3618 642 3670 se
669 3594 802 3692 oppido
828 3599 951 3676 tenet,
990 3617 1058 3665 nos
1085 3591 1132 3664 ad
1159 3596 1287 3690 portas
1312 3595 1449 3667 castra
1496 3561 1497 3607 l

331 3714 530 3802 babemus,
557 3735 738 3787 conamur
763 3733 855 3808 opus
882 3715 1114 3809 magnumst
1134 3707 1450 3782 multorumdie-

331 3851 437 3916 rum,
471 3833 621 3925 proptor
654 3823 890 3897 altitudinem
923 3825 1056 3909 maris3
1096 3822 1159 3895 sed
1191 3829 1316 3895 tamen
1345 3823 1449 3896 nihil

333 3947 408 4028 est,
426 3941 525 4036 qnod
549 3941 672 4038 potius
695 3937 886 4010 faciamus.
915 3939 971 4010 Ab
990 3944 1149 4034 utroque
1170 3941 1299 4034 portus
1317 3939 1449 4009 cornu

331 4051 447 4125 moles
461 4055 633 4142 iacimus,
652 4057 696 4126 ut
709 4058 775 4132 aut
787 4049 893 4122 illum
907 4075 1019 4147 quarn
1033 4037 1193 4149 primurn
1208 4046 1448 4135 transiicere,
1495 4045 1496 4097 l

297 4233 303 4250 ,
332 4167 432 4261 quod
451 4168 561 4240 babet
577 4165 775 4240 Brundusii
792 4165 1001 4264 copiarum,
1019 4187 1216 4262 cogamus,
1243 4167 1308 4235 aut
1329 4163 1446 4240 exitu

331 4280 602 4387 prohibeamus.
655 4280 715 4350 Ex
743 4279 816 4356 Cio,
842 4279 892 4352 ad
914 4277 1025 4350 Aetio.
1052 4297 1098 4372 9,
1128 4281 1172 4369 ¹4

431 4419 473 4480 (il.
492 4417 586 4472 lulium
604 4417 711 4473 Celsum
729 4437 755 4493 p.
777 4421 830 4481 mu.
1159 4419 1161 4424 ’
