3044 5316
630 25 649 162 ι
711 9 716 18 ,

320 337 383 456 64
505 371 544 430 s.
580 369 720 428 nrnrn
755 368 810 428 nn
845 322 981 430 nanno
1016 367 1234 430 snnxsnn.

316 575 437 674 liqoae
466 579 573 650 erant
596 580 673 648 tres
698 571 882 674 legiones,
902 596 976 645 una
994 572 1186 661 Deiotari,
1201 570 1320 656 'doae‚
1340 595 1438 670 qnae

224 735 228 744 ·
316 696 354 767 in
381 717 425 766 eo
452 677 613 792 proelio,
640 691 740 788 quod
760 689 828 764 Cn.
843 690 1053 766 Domitium
1072 690 1202 764 fecisse
1220 713 1310 763 carn
1322 691 1440 763 Phar·

318 835 409 884 nece
436 809 670 908 scripsimus,
700 795 868 898 fuerant,
903 807 1015 909 legati
1039 833 1064 880 a
1090 807 1282 882 Pharnace
1315 810 1438 895 missi,

268 1019 271 1028 Ι
317 929 511 1002 Caesarem
539 927 679 1000 adeunt
697 931 812 1024 atque
830 927 999 1025 inprimis
1017 925 1288 1026 deprecantur,
1301 953 1345 1000 ne
1360 933 1440 1002 eius

317 1045 488 1120 adventas
513 1045 655 1118 hostilis
680 1057 772 1117 esset
779 1073 792 1128 ,·
802 1041 1003 1140 sactumm
1029 1048 1125 1117 enim
1159 1047 1282 1150 omnic
1315 1045 1442 1150 Plrpr-

318 1185 463 1252 nocere,
488 1187 578 1261 quoe
603 1164 777 1256 imperata
802 1174 939 1242 essent·
956 1162 1194 1258 maximeque
1212 1185 1444 1234 commemo-

318 1275 474 1365 rabant,
513 1275 612 1346 nulla
651 1272 877 1347 Pharnacem
912 1277 1053 1348 auxilio
1090 1291 1213 1385 oontpa
1252 1275 1444 1348 Caesarem

320 1393 493 1490 Pompeio
519 1390 607 1464 dore
638 1389 811 1478 voleu'sse,
844 1413 955 1488 quum
987 1389 1195 1480 Detonnn,
1231 1395 1297 1491 qui
1326 1390 1445 1464 dedis·

321 1521 398 1596 set,
422 1519 540 1579 tamen
570 1509 607 1578 ei
628 1507 876 1599 satisjecisset.
1250 1521 1254 1526 ’

376 1643 434 1716 70.
461 1623 598 1696 Caesar
623 1619 835 1720 respondit,
860 1643 900 1694 se
914 1616 1008 1714 stare
1032 1614 1297 1718 aequissimum*
1319 1620 1446 1694 Pltar-

323 1745 426 1832 naci,
462 1745 518 1830 st,
560 1765 652 1841 puae
682 1739 928 1837 polliceretur,
964 1752 1296 1834 repraesentaturam
1338 1753 1444 1824 esset.

323 1855 650 1946 Monuit‘autem,
673 1853 907 1940 ut‘solebat,
933 1851 1089 1926 mitibus
1123 1849 1247 1928 verbis
1280 1854 1445 1954 legatos,

322 1997 368 2044 ne
393 1985 456 2044 aest
480 1969 692 2050 Deiotarum
717 1969 788 2042 sibi
812 1967 1018 2055 obicerent,
1043 1981 1106 2040 aut
1131 1971 1240 2040 nimis
1256 1993 1296 2041 eo
1307 1969 1447 2068 gloria-

323 2099 448 2159 rentur
471 2081 659 2184 heneficio,
682 2084 780 2184 quod
801 2084 942 2168 auxilia
969 2081 1138 2179 Pompeio
1156 2109 1227 2154 non
1242 2087 1424 2156 misissent
1430 2113 1447 2168 ;

324 2227 611 2301 nemesaeque
635 2201 800 2275 libentius
813 2198 947 2295 facere
980 2197 1197 2298 quidquam,
1228 2183 1337 2300 quarn
1364 2201 1447 2273 sub·

319 2319 476 2420 plicibus
501 2323 709 2419 ignoscere,
735 2341 847 2416 neque
870 2319 1139 2414 prouinciarum
1162 2317 1326 2414 publicos
1351 2319 1447 2390 inin-

325 2441 401 2510 rias
418 2433 618 2511 moderare
629 2437 675 2508 iis
689 2451 813 2532 posse,
829 2435 894 2532 qui
902 2427 1071 2526 fuissent
1095 2435 1135 2502 in
1159 2455 1199 2504 se
1223 2433 1392 2524 officiosi:
1408 2430 1453 2503 id

325 2554 462 2649 ipsam,
490 2547 586 2648 quad
610 2559 964 2634 commemorassent,
990 2549 1147 2639 <fficium
1172 2545 1298 2618 utilitas
1324 2543 1453 2616 Pleur-

326 2673 412 2743 naci
420 2666 566 2762 fuisse,
592 2669 657 2764 qui
677 2663 891 2763 providisset
925 2683 969 2737 ne
996 2670 1210 2750 vinceretur,
1232 2691 1340 2763 quam
1361 2665 1453 2751 sibi,

329 2790 391 2860 cui
414 2783 479 2856 Dii
507 2782 713 2856 inmortales
739 2783 927 2856 victoriam
956 2780 1179 2854 tribuissent.
1251 2767 1379 2880 Itaque
1411 2807 1452 2854 se

330 2921 485 2994 magnos
510 2908 545 2967 et
566 2919 699 2992 gruum
725 2897 878 2966 iniurias
903 2899 1036 2969 ciuium
1054 2895 1401 2994 Romanorum,pui
1411 2901 1452 2966 in

330 3014 445 3086 Ponto
461 3017 643 3110 negotiati
666 3023 801 3108 essent,
828 3013 994 3106 quoniam
1017 3015 1055 3082 in
1068 3015 1251 3111 integrum
1264 2999 1453 3085 restituere

331 3153 402 3200 non
423 3141 559 3226 posset,
586 3124 775 3198 consedere
800 3125 1007 3209 Pharnace·
1024 3153 1109 3197 num
1125 3151 1238 3226 neqrse
1254 3116 1452 3219 interfictis

337 3245 510 3314 amissum
535 3243 667 3324 vitam,
702 3262 812 3338 neque
845 3245 998 3314 exsectis
1032 3241 1238 3318 virilitatem
1269 3245 1455 3314 restituere

365 3471 518 3536 scripsimus.
534 3485 591 3538 cap.
611 3476 651 3532 to.
670 3465 707 3518 Μ.
923 3469 999 3522 scitia
1018 3467 1184 3522 librariorum
1202 3472 1342 3524 intrusam.
1362 3473 1455 3526 Testa·

366 3547 524 3598 repraesene.
546 3533 600 3586 vid.
626 3533 684 3589 lnd.
702 3535 744 3586 Μ.
770 3533 813 3586 Cf.
833 3541 861 3585 et
924 3544 968 3588 tar
992 3536 1147 3590 Cincconius
1164 3557 1179 3590 a
1195 3537 1272 3592 libris
1290 3539 1454 3612 quibusdam

333 3603 406 3654 Curt.
426 3605 463 3664 6,
488 3617 537 3665 ιι,
559 3601 800 3656 septuennis.
824 3601 861 3671 ξ,
923 3601 1022 3656 abesse.
1042 3604 1186 3658 Delendam
1202 3625 1305 3659 censeo.

335 3686 368 3730 a,
388 3671 430 3740 3ss.
864 3719 865 3722 ,
958 3689 1019 3722 nem
1043 3690 1123 3738 neque
1141 3701 1173 3712 ··-
1187 3691 1273 3742 posse.
1293 3673 1351 3726 rid.
1383 3675 1453 3727 dicta

367 3755 419 3788 non
430 3736 546 3806 jaisscnt
560 3737 587 3784 in'
598 3753 625 3788 se
642 3735 686 3802 off
705 3735 861 3788 Posticulum
924 3736 959 3788 ed
976 3757 999 3790 c.
1018 3748 1059 3802 4¹·
1076 3740 1119 3790 M.
1281 3749 1283 3752 '

333 3823 399 3866 non,
417 3801 686 3860 antecesserant,
701 3804 861 3872 superfluam
957 3810 1079 3859 amissam
1103 3811 1189 3858 vitam.
1214 3805 1328 3863 Dubitat
1353 3817 1453 3860 temere

334 3891 401 3930 esse,
419 3879 580 3940 agnoverunt
592 3870 747 3940 interpretes
759 3890 859 3924 omnes,
924 3872 1028 3926 Ruben-
1045 3874 1128 3926 Elect.
1151 3891 1181 3934 ι,
1205 3873 1245 3930 32‘.
1265 3873 1328 3928 idne
1345 3877 1381 3932 sit
1399 3877 1454 3926 La·

335 3937 390 4008 Qui
401 3939 429 3990 in
447 3936 731 4003 Caespremofficioaus
748 3939 811 3999 fuit,
833 3938 860 3988 h.
925 3937 1037 3994 tinum?
1064 3952 1111 4002 et',
1137 3943 1199 4011 quia
1224 3943 1365 4012 Appianas
1394 3943 1454 3994 Cir.

336 4025 358 4057 a.
376 4000 463 4057 nullas
480 4006 570 4075 copias
587 4015 677 4060 contre
696 4023 754 4061 eum
781 4005 860 4056 Pom·
926 4027 955 4069 2,
985 4026 1025 4076 9¹·
1053 4018 1079 4060 et
1100 4010 1154 4060 Dio
1183 4017 1235 4073 42,
1262 4013 1302 4074 46.
1323 4011 1351 4061 in
1369 4028 1399 4062 ea
1424 4030 1453 4061 re

357 4074 397 4125 eio
415 4073 501 4134 misit,
531 4074 555 4123 ei
574 4083 660 4126 tamen
688 4072 862 4126 Caesar'con-
925 4079 1010 4129 Amisi
1028 4076 1144 4140 (vurbis)
1162 4078 1326 4137 meminere,
1355 4077 1392 4128 ita
1410 4076 1455 4129 hic

336 4092 435 4192 innare
455 4141 548 4210 nequit
564 4141 689 4200 iniurias,
721 4142 863 4210 provinciis
926 4161 1028 4261 queraris
1052 4141 1101 4261 legii
1131 4144 1229 4196 suadet.
1268 4143 1321 4196 sed
1346 4142 1456 4196 obstant

258 4237 262 4245 =
337 4207 434 4275 Populi
447 4207 556 4258 Romani
570 4209 673 4269 inlatas,
685 4209 775 4278 quales
788 4209 862 4261 Plrcr·
926 4209 976 4263 cod
997 4249 1003 4261 .
1027 4219 1054 4261 et
1070 4230 1084 4261 a
1098 4209 1136 4262 ibi
1155 4227 1262 4282 quoque
1285 4216 1337 4261 rita
1358 4217 1456 4262 amissa

338 4291 414 4326 neces
436 4275 562 4325 intulerat
584 4277 678 4336 Asine,
704 4277 865 4340 Armeniae,
928 4279 1047 4330 occurrit.
1076 4277 1208 4332 Phaedrus
1233 4279 1314 4330 etiam
1341 4277 1393 4330 tab.
1418 4278 1454 4337 3,

338 4341 396 4410 Cap
417 4340 530 4405 adocias,
540 4343 736 4410 Gallograeciae.
750 4343 866 4396 M.Bena
932 4363 971 4394 ιι.
999 4344 1083 4398 simili
1111 4346 1190 4398 modo
1218 4347 1337 4398 dmnnrsm
1365 4349 1456 4396 emissi

340 4408 401 4462 ctas
423 4409 459 4462 'us
481 4412 646 4480 negationem
669 4411 794 4472 sustulit,
819 4413 864 4464 in·
926 4417 1044 4482 corporis
1061 4411 1192 4479 obiectum
1210 4411 1331 4468 etrnuclro
1349 4413 1439 4464 refert.
