3044 5316
419 373 501 434 ms.
537 373 631 434 car.
668 341 844 467 35-37.
1131 345 1189 469 37

8 675 9 680 Ἰ
63 575 244 674 gustatam
268 573 405 672 Populi
428 575 588 650 Romani
603 584 639 650 et
655 575 786 676 Hagno
809 577 989 650 sociorum
1008 601 1195 678 recupero·

8 681 9 740 l
65 715 126 776 re,
147 685 285 788 legatis
311 689 573 787 respondebat.
613 692 760 790 Magnis
778 697 817 764 et
836 693 1026 764 continuis
1052 691 1195 766 itineri·

64 807 136 880 bus
154 807 359 898 confectis,
385 829 504 910 quum
527 807 752 882 adventaret
765 807 813 880 ad
829 807 1067 907 Nicopolim,
1092 807 1195 906 quod

64 931 248 1032 oppidum
264 937 433 1033 positum
447 936 486 1007 in
502 936 678 1012 Armenia
692 935 837 1008 minure
851 940 928 1021 est,
944 933 1055 1032 plano
1071 935 1192 1034 ipsum

8 1107 9 1148 ,
62 1047 172 1142 loco,
190 1053 383 1128 montibus
402 1059 528 1130 tamen
548 1051 632 1126 altis
650 1052 697 1124 ab
716 1051 862 1126 duobus
888 1051 1068 1127 lateribus
1094 1054 1195 1127 obie-

8 1159 9 1214 3
63 1171 161 1260 ctis,
187 1171 277 1244 satis
302 1193 441 1268 magno
468 1167 666 1245 intervallo
693 1169 740 1242 ab
758 1167 896 1268 oppido
922 1169 1100 1259 remotis,
1133 1195 1195 1244 ca·

8 1349 9 1392 ,
64 1295 145 1363 stra
171 1290 299 1389 posuit
324 1286 435 1388 longe
459 1311 481 1360 a
506 1283 679 1384 Nicopoli
706 1287 857 1360 circiter
883 1285 986 1360 milia
1011 1309 1193 1385 passuum

63 1410 224 1502 septem.
275 1402 422 1494 Quibus
440 1425 486 1476 ex
506 1402 638 1474 castris
668 1423 787 1499 quum
813 1400 919 1474 locus
938 1407 1120 1500 angustus
1136 1411 1193 1478 at·
1258 1488 1265 1510 .

63 1543 135 1620 qne
171 1520 362 1620 inpeditus
388 1525 485 1594 esset
512 1518 1016 1607 transeundus,„Pharnaces
1043 1521 1081 1594 in
1106 1522 1194 1594 insi-

62 1637 130 1710 diis
148 1633 319 1710 delectos
346 1632 491 1732 pedites
518 1657 720 1730 omnesque
748 1657 864 1732 paene
891 1633 1074 1732 disposuit
1089 1635 1195 1734 eqni-

8 1715 10 1830 l
62 1757 140 1823 tes:
168 1770 347 1847 magnam
374 1755 501 1820 autern
527 1747 812 1823 multitudinem
839 1750 985 1846 pecoris
1012 1751 1109 1824 intra
1129 1773 1193 1824 eas

61 1858 196 1938 fauces
220 1861 387 1960 dissipari
405 1861 528 1948 iussit,
551 1885 790 1962 paganosque
809 1868 848 1936 et
866 1863 1070 1962 oppidanos
1089 1864 1127 1936 in
1148 1866 1194 1938 iis

63 1977 157 2050 locis
179 1975 394 2066 obversari,
411 1982 475 2067 ut,
493 1979 525 2052 si
544 1980 687 2054 amicus
712 1977 902 2052 Domitius
919 2001 982 2052 eas
1001 1979 1192 2078 angustias

65 2095 270 2184 transiret,
282 2094 376 2168 nihil
393 2095 439 2170 de
456 2095 598 2172 insidiis
613 2098 889 2197 auspicaretur,
909 2120 1026 2194 quum
1041 2099 1078 2170 in
1095 2097 1195 2196 agris

64 2219 101 2286 et
115 2235 260 2313 pecora
274 2217 313 2284 et
325 2211 495 2288 homines
516 2213 684 2288 animum
702 2211 915 2288 adverteret
932 2215 1085 2303 versari,
1100 2222 1196 2288 tam·

65 2355 183 2430 qnam
225 2331 436 2406 amicorum
470 2330 658 2417 adventu3
684 2331 740 2402 sin
765 2353 858 2402 vero
883 2336 928 2402 ut
958 2331 997 2403 in
1028 2330 1194 2406 hostium

64 2449 351 2534 finesveniret,
371 2446 509 2548 praeda
536 2443 741 2546 diripienda
760 2444 897 2519 milites
914 2445 1193 2546 dissiparentur,

66 2567 299 2668 dispersique
325 2565 584 2640 caederentur.

112 2689 183 2780 37.
223 2683 327 2758 Haec
355 2707 473 2781 quum
500 2682 802 2773 administraret,
828 2705 1036 2780 numquam
1064 2687 1193 2759 tamen

64 2798 346 2874 intermittebat
369 2799 514 2898 legatos
532 2798 576 2870 de
596 2822 688 2898 pace
714 2803 827 2896 atque
849 2799 1017 2893 amicitia
1043 2801 1194 2874 mittere

66 2914 111 2986 ad
138 2914 377 3002 Domitium,
403 2937 521 3010 quum
540 2913 612 2986 hoc
640 2915 719 3012 ipso
737 2913 908 2989 crederet
933 2913 1080 2988 facilius
1107 2939 1196 2988 eum

67 3031 195 3130 decipi
220 3053 341 3129 posse.
367 3031 420 3104 At
438 3036 572 3103 contra
594 3054 676 3129 spes
689 3031 792 3130 pacis
818 3031 986 3104 Domitio
1004 3033 1042 3104 in
1061 3031 1195 3106 iisdem

66 3146 208 3219 castris
222 3143 393 3218 morandi
405 3143 547 3218 adtulit
562 3170 745 3218 caussam.
760 3147 818 3218 lta
831 3145 1052 3230 Pharnaces,
1063 3146 1198 3220 amissa

63 3261 236 3359 proximi
268 3247 447 3360 temporis
487 3262 706 3346 occasione,
738 3259 882 3334 veritus
918 3283 964 3330 ne
995 3281 1199 3358 cognosce-

66 3387 204 3454 rentur
229 3379 401 3469 insidiae,
432 3403 519 3452 suos
545 3380 583 3451 in
611 3383 736 3452 castra
760 3377 970 3450 revocavit.
1005 3376 1198 3450 Domitius

98 3620 255 3690 Nicopolim
284 3618 355 3672 hanc
382 3619 526 3674 Armenian
553 3616 607 3673 mi?
671 3621 772 3693 primae
789 3619 868 3674 odd:
886 3625 938 3672 sine
954 3625 1064 3683 ammo,
1081 3625 1133 3674 sive
1149 3623 1205 3672 ini·

67 3692 142 3742 noris
172 3707 188 3739 a
213 3687 341 3760 Pompeio
365 3687 500 3740 conditam
529 3706 602 3748 csse,
671 3693 748 3741 oricus
778 3689 875 3742 Domit.
904 3687 972 3745 Beue
984 3703 994 3755 ξ
1023 3707 1086 3740 nam
1116 3689 1201 3758 prima

66 3759 140 3809 victo
159 3754 339 3816 Mithridate,
368 3753 538 3810 eStrabouis
556 3754 605 3806 nh.
672 3756 813 3809 Pharnacis
840 3775 901 3809 eura
919 3765 990 3817 erat,
1022 3773 1056 3807 ne
1073 3762 1141 3808 esset
1158 3773 1203 3806 su-

70 3841 112 3886 12,
133 3841 166 3902 p.
188 3825 360 3884 555,monuit
377 3821 515 3876 Cellarius.
533 3822 605 3876 add.
673 3825 758 3893 spicio
773 3823 946 3884 insidiarum,
968 3840 1136 3893 quocumque
1154 3821 1204 3876 dc-

67 3893 233 3962 Appranum
249 3889 282 3942 de
298 3890 326 3942 B.
344 3889 438 3943 Mithr.
459 3907 483 3942 c.
504 3895 560 3941 115.
579 3908 606 3969 p.
674 3893 848 3944 mumanimo
865 3891 999 3942 Domitios
1017 3891 1147 3941 venisset:
1166 3887 1204 3941 al·

8 3967 9 3982 ¹
68 3965 130 4009 251.
158 3958 199 4008 M.
223 3957 451 4027 Praepositinnam
468 3959 503 4010 ml
527 3967 607 4012 rsstr-
675 3967 745 4020 tera,
764 3969 809 4020 ut,
826 3959 850 4010 si
865 3957 959 4012 hostili
976 3959 1066 4010 animo
1081 3956 1203 4016 venisset,

69 4028 124 4078 tuit
141 4024 217 4078 oud.
236 4044 249 4076 c
263 4025 339 4078 codd.
357 4024 462 4080 Similia
479 4043 502 4078 v.
520 4027 555 4080 G.
576 4043 606 4087 1,
675 4027 731 4078 sius
742 4028 832 4096 copiae
845 4024 1043 4094 dissiparentur.
1062 4023 1119 4092 Qui
1132 4022 1205 4076 hunc

8 4139 9 4148 .
68 4111 93 4161 7.
113 4093 149 4145 C.
172 4091 209 4158 3,
229 4101 271 4156 40.
656 4111 774 4144 ,nerum
787 4110 843 4143 non
859 4091 1002 4159 viderunt,
1019 4091 1050 4144 hi
1067 4098 1204 4144 mutarunt

8 4171 9 4218 l
103 4161 243 4240 dissrpnrr'.
260 4159 334 4214 Edit.
352 4160 538 4240 Venet·„¹l7¹·
555 4161 609 4212 dis·
675 4159 725 4218 id,
741 4160 814 4230 quud
832 4157 908 4212 codd.
926 4156 1033 4214 habent
1050 4159 1095 4214 M.

70 4226 609 4366 tttnlttdtlattltdlt“·
675 4225 1207 4362 ..tzitt.tl·.tl⁹asstt.⁰.tttt

106 4367 131 4414 si
150 4367 254 4416 amiciss-
282 4363 461 4426 Constantes,
490 4374 521 4415 nt
537 4363 608 4416 ond.
675 4375 807 4414 daretur:
849 4379 913 4416 nam
944 4359 1067 4414 αάνεηιω
1107 4359 1210 4412 habent

75 4437 212 4498 testatur,
237 4429 336 4490 habeut
360 4449 453 4490 omnes
477 4431 556 4492 nass.
580 4438 610 4494 et
675 4427 740 4487 titri
757 4429 822 4482 horsi
837 4465 845 4490 ,
862 4441 1052 4512 prspectaretnr
1069 4445 1145 4488 nnus.
1162 4427 1208 4486 M.
