3044 5316
855 46 861 82 l

283 369 303 408 ”
333 367 336 377 ’
405 409 485 472 ns.
521 409 614 474 oue.
661 361 832 474 13-15.
1121 411 1174 505 17

56 617 131 687 tem
151 637 230 686 esse
248 611 495 688 Alexandriae
514 613 708 688 dimidiam
726 614 896 688 Africae:
926 611 1090 708 satisque
1109 607 1177 683 diu

53 726 153 804 inter
171 731 272 829 ipsos
290 736 347 803 est
364 730 641 829 exspectatum,
658 732 705 802 ab
724 731 818 803 utris
837 727 1053 802 transeundi
1069 727 1180 802 lieret

54 846 226 938 initium;
244 853 443 950 propterea
461 839 586 944 quod,
598 847 650 918 eis
675 848 740 944 qui
758 847 978 930 intrassent,
995 850 1033 918 et
1050 844 1097 918 ad
1111 869 1175 918 ex·

53 961 269 1061 plicandam
296 962 452 1035 classem
479 967 518 1034 et
544 961 591 1034 ad
622 970 839 1061 receptum,
864 965 894 1036 si
922 962 1050 1037 durior
1075 963 1178 1036 acci-

57 1079 175 1152 disset
200 1065 327 1168 catus,
344 1077 585 1178 inpeditiores
612 1077 690 1152 fore
719 1078 957 1152 videbantur.

1 1197 2 1204 ’
108 1195 171 1266 15.
205 1192 364 1267 Rhodiis
390 1193 550 1266 navibus
583 1199 755 1292 praeerat
788 1193 1032 1292 Euphranor,
1066 1192 1180 1266 animi

53 1309 315 1408 magnitudine
334 1332 379 1380 ac
394 1307 537 1381 virtute
556 1309 674 1408 magis
693 1332 781 1381 cum
797 1307 935 1381 nostris
952 1305 1182 1396 hominihus,

53 1449 171 1522 quam
206 1450 294 1497 cum
323 1423 476 1498 Graecis
510 1424 796 1522 comparandus.
855 1425 927 1498 llic
956 1421 1004 1497 ob
1031 1423 1178 1495 notissi-

51 1567 155 1614 mam
186 1543 380 1615 scientiam
408 1547 523 1638 atque
542 1541 657 1614 animi
683 1538 978 1642 magnitudinem
1007 1538 1173 1612 delectus

51 1668 111 1732 est
129 1659 181 1732 ab
199 1657 376 1747 Rhodiis,
393 1661 456 1756 qui
475 1657 673 1756 imperium
701 1655 826 1730 classis
852 1655 1051 1729 obtineret.
1087 1655 1179 1748 Qui,

51 1778 115 1848 ubi
143 1775 313 1849 Caesaris
332 1777 499 1848 animum
527 1770 707 1856 advertit,
740 1771 880 1846 Videris
902 1771 1015 1860 mihi,
1040 1771 1181 1870 inquit,

52 1893 210 1981 Caesar,
236 1897 368 1982 vereri,
384 1897 420 1965 si
437 1888 525 1964 hacc
544 1887 634 1966 ouda
649 1893 778 1987 primis
797 1889 945 1966 naudus
968 1895 1178 1982 intraueris,

50 2039 95 2085 ne
109 2013 220 2110 prius
238 2010 410 2084 demicare
427 2011 594 2108 cogariS,
612 2031 720 2104 quam
740 2005 914 2104 reliquom
933 2007 1085 2079 classem
1099 2033 1181 2106 pos-

55 2135 106 2201 sis
125 2128 324 2226 explicare.
379 2123 494 2198 Nobis
512 2149 587 2196 rem
613 2126 811 2209 committe,
828 2148 893 2194 nos
915 2125 1091 2220 proeljum
1117 2153 1183 2198 su·
1281 2160 1284 2168 ·

54 2243 292 2330 sumsimus,
308 2266 419 2339 neque
445 2253 548 2311 tuum
571 2235 746 2310 iudicium
757 2235 966 2330 salimus,
991 2238 1078 2311 dum
1096 2242 1183 2314 reh’-

53 2362 123 2453 qui
137 2356 424 2453 subsequentur:
442 2351 508 2425 hos
525 2351 667 2451 quidem
685 2351 821 2423 diutius
838 2353 878 2422 in
893 2365 1013 2423 nostro
1031 2378 1181 2448 conspe-

53 2481 119 2540 ctu
133 2470 297 2568 gloriari
319 2493 453 2568 magno
471 2467 571 2538 notis
582 2480 619 2538 et
635 2465 799 2537 dedecori
820 2477 855 2535 et
871 2463 988 2536 dolori
1002 2480 1065 2538 est.
1093 2467 1182 2538 Cae·

56 2607 117 2655 sar
145 2581 256 2654 illum
275 2581 497 2656 adhortatus
524 2587 637 2678 atque
668 2577 841 2650 omnibus
860 2575 1032 2650 laudibus
1059 2603 1182 2677 prose·

55 2700 195 2784 cutus,
214 2695 279 2768 dat
294 2679 442 2796 signum
468 2719 629 2798 pugnae.
667 2695 884 2792 Progressas
911 2690 1010 2765 ultra
1038 2691 1181 2766 vadum

56 2823 229 2912 quatuor
247 2813 413 2886 Rhodias
431 2838 547 2886 naves
574 2813 857 2884 circumsistunt
874 2809 1114 2884 Alexandrini
1129 2819 1188 2886 at·
1267 2803 1270 2812 ’
1377 2803 1384 2816 ’

57 2952 132 3023 que
152 2927 194 2999 in
215 2951 276 3012 eas
295 2927 465 3024 inpetum
484 2926 642 2998 faciunt.
682 2925 877 2998 Sustinent
896 2924 948 2996 illi
967 2929 1080 3022 atque
1099 2929 1181 2998 arte

57 3044 304 3141 sollertiaque
322 3069 360 3117 se
379 3043 594 3142 explicant:
621 3068 665 3115 ac
683 3049 836 3118 tantum
854 3043 1026 3117 doctrina
1046 3045 1189 3142 potuit,

57 3167 103 3231 ut
122 3160 167 3231 in
186 3159 323 3256 dispari
346 3183 504 3232 numero
522 3157 625 3231 nulla
651 3167 864 3232 transversa
882 3157 980 3232 hosti
1008 3157 1189 3247 obiicere·

55 3283 149 3366 tur,
176 3275 316 3352 nullius
342 3275 766 3376 remidetergerentur,
785 3275 850 3348 sed
868 3298 1013 3372 semper
1039 3273 1190 3346 venien-

57 3395 169 3468 tibus
201 3392 379 3466 adversae
414 3397 670 3468 occurrerent.
721 3393 877 3466 Interim
904 3399 993 3466 sunt
1025 3381 1189 3490 reliquae
1249 3368 1252 3388 Ι

56 3635 96 3687 Μ.
116 3637 162 3688 De
176 3634 279 3688 diverso
295 3636 412 3688 termido
429 3635 507 3687 Asine
524 3635 595 3686 Afri·
665 3654 693 3686 ee
711 3635 801 3699 reda)
819 3635 924 3688 intrant
934 3673 943 3697 ,
965 3633 995 3688 hi
1018 3643 1096 3686 erunt
1116 3634 1191 3704 inpe-

55 3723 160 3775 oeeque
189 3703 254 3755 olim
283 3712 382 3755 statuto
410 3719 437 3756 v.
465 3701 595 3756 Cellarius
664 3701 773 3755 ditiores
791 3702 825 3754 sd
844 3722 967 3774 pugnam.
1001 3703 1106 3754 Intrare
1123 3702 1191 3752 vada

55 3773 125 3826 Not.
144 3770 181 3824 Ο.
200 3777 233 3821 Α.
255 3787 288 3831 r,
309 3787 357 3828 ιι,
376 3777 400 3822 5.
664 3771 745 3822 etium
773 3789 828 3840 cop.
862 3777 890 3821 15
922 3771 1043 3824 occurrit.
1072 3769 1115 3820 M.
1140 3769 1191 3819 Pro

89 3849 237 3908 propterea
262 3839 332 3906 quod
355 3843 391 3888 eis
408 3835 453 3902 (in
471 3857 500 3890 es
517 3835 595 3901 vada)
664 3839 805 3890 intrassent
816 3837 864 3890 alii
875 3843 1017 3890 transmeat
1030 3835 1072 3890 vel
1084 3840 1192 3888 transis·

55 3912 104 3975 qut
123 3910 269 3956 intrassent
287 3934 319 3944 -
337 3904 402 3968 (hi)
420 3907 501 3972 inped.
513 3903 541 3974 s
560 3909 597 3954 νὶ-
665 3917 728 3955 sent.

55 3977 115 4025 deb.
144 3971 192 4024 sic
218 3971 286 4024 oud.
311 3973 428 4024 restituit
455 3973 597 4024 lectionem
697 3971 867 4040 Euphranor.
890 3971 931 4024 De
948 3970 1025 4022 huius
1045 3971 1147 4023 meritis
1165 3977 1192 4021 et
1276 3990 1278 3994 ¹

56 4051 86 4092 et
110 4037 261 4108 explicavit
284 4038 390 4092 locum:
420 4043 456 4090 eis
483 4060 497 4092 e
519 4039 596 4092 codd.
665 4039 737 4090 exitu
754 4040 826 4090 tristi
843 4037 896 4090 vid.
914 4057 937 4090 c.
956 4043 996 4088 25.
1015 4039 1057 4089 M.

57 4126 110 4178 pro
137 4105 212 4172 vulg.
234 4125 280 4168 eo,
304 4115 351 4157 aut
445 4112 469 4158 ei
491 4107 533 4160 vel
560 4111 596 4168 ii,
696 4111 789 4174 primis
817 4107 930 4156 navibus.
958 4105 1025 4157 hene
1048 4107 1107 4170 sie,
1131 4123 1193 4156 uam

58 4174 138 4245 quod
157 4173 267 4242 quidam
283 4173 360 4226 codd.
399 4173 497 4236 abent,
524 4193 597 4226 rece·
666 4174 785 4242 sequitur
801 4173 1108 4241 reh'qnamclossem.Cs.
1122 4173 1193 4225 Gro-

59 4245 114 4314 pit.
152 4239 224 4293 Mihi
241 4241 349 4310 quidem
366 4242 469 4294 videtur
493 4242 597 4312 vulgatu
666 4259 728 4294 nor.
746 4239 810 4292 ors.
832 4259 865 4300 r,
894 4255 917 4305 7.
936 4239 1012 4304 Alii,
1039 4258 1088 4294 nec
1104 4239 1193 4300 mele,

59 4311 169 4362 verior:
185 4323 327 4378 propterea
344 4310 433 4378 quod,
449 4327 480 4360 eo
497 4315 542 4378 qut
558 4314 598 4359 in-
663 4313 763 4378 primus
780 4307 893 4360 navibus.

59 4387 183 4428 trassent
211 4403 252 4426 -.
288 4377 419 4437 Dixerat,
449 4395 504 4428 esse
532 4375 598 4429 vada
699 4375 796 4426 multus
812 4381 885 4428 renai.
903 4375 989 4432 Codd.
1006 4375 1115 4446 quidum
1134 4371 1193 4426 nul*
1303 4437 1305 4442 ,

60 4445 182 4498 transitu
202 4452 331 4514 angusto:
357 4446 404 4514 qui
422 4461 482 4513 ergo
499 4461 531 4496 eo
549 4443 598 4508 (in
667 4441 759 4512 lneque
768 4481 777 4507 ‚
795 4446 911 4516 entique.

171 4542 328 4618 cissis.
354 4541 552 4618 comment.
578 4543 688 4618 Tum.
713 4542 763 4618 11.
1012 4541 1042 4620 G
1120 4599 1121 4602 η
