3044 5316
345 347 406 444 36
531 383 572 443 s.
605 383 745 444 marn
781 383 836 442 aa
873 383 1007 444 catto
1042 385 1260 444 trexano.

393 587 456 666 35.
481 587 638 662 Interim
663 586 776 690 legati
802 612 824 662 a
851 587 1044 662 Pharnace
1071 612 1246 687 responsa
1273 587 1463 678 referunt,

342 703 569 803 Cappadocia
585 729 624 778 se
640 704 852 792 decessisse,
877 703 1088 778 Armeniam
1113 710 1286 778 minorem
1309 711 1467 800 recepis-v

341 845 398 905 se,
425 844 534 917 quam
555 831 704 914 paterno
729 823 872 892 nomena
893 822 973 892 iure
998 819 1152 892 obtinere
1177 817 1335 905 deberet,
1365 819 1462 890 deni·

340 961 409 1035 qua
425 939 502 1010 eius
520 935 643 1034 Regni
665 958 796 1006 caussa
820 937 966 1032 integra
983 937 1131 1010 Caesari
1154 951 1380 1019 samareton
1394 962 1468 1032 pcc·
1499 939 1502 944 “

341 1064 461 1122 ratum
478 1053 572 1124 enirn
589 1047 778 1144 sefacere,
796 1049 892 1148 quod
906 1054 940 1122 is
957 1055 1151 1124 statuisset.
1177 1051 1246 1125 Cn.
1263 1049 1462 1139 Domitius,

343 1187 463 1260 qaum
498 1161 834 1253 animadverteret,
860 1187 947 1238 eum
981 1163 1220 1262 Cappadocia
1246 1163 1462 1251 decessisse,

340 1305 416 1357 non
435 1279 629 1356 voluntate
648 1278 874 1368 adductum,
891 1279 956 1354 sed
974 1283 1220 1368 necessitate,
1248 1279 1350 1378 qnod
1370 1280 1462 1352 faci·

338 1391 412 1468 lios
438 1397 654 1470 Armeniam
681 1393 878 1470 defendere
904 1401 1050 1493 posset,
1074 1394 1284 1468 subiectam
1306 1416 1373 1466 suo
1390 1394 1463 1466 Re-

340 1531 437 1607 gno,
464 1533 578 1607 quam
605 1508 904 1608 Cappadociam,
931 1508 1077 1609 tongins
1103 1514 1311 1597 remotam,
1346 1505 1464 1604 quod·

341 1645 414 1719 que
433 1647 562 1696 omnes
588 1628 665 1698 tres
690 1623 854 1723 legiones
881 1624 1136 1698 adducturum
1161 1621 1372 1698 Domitium
1396 1644 1464 1718 pu·

340 1739 476 1828 tasset3
520 1759 568 1809 ex
600 1737 880 1837 quibusquam
907 1738 999 1816 duas
1029 1738 1077 1815 ad
1102 1739 1299 1817 Caesarem
1333 1736 1464 1810 missas

342 1850 527 1940 audisset,
553 1853 731 1928 audacius
747 1853 786 1928 in
805 1857 985 1930 Armenia
1010 1855 1258 1942 substitisset,
1292 1877 1464 1952 perseve-

343 1991 426 2042 rare
457 1969 598 2067 coepit,
629 1975 674 2052 ut
692 1993 737 2044 eo
764 1993 913 2073 quoque
936 1972 1070 2071 Regno
1096 1970 1314 2046 decederet:
1349 1993 1464 2066 neque

344 2089 439 2160 anim
455 2086 558 2162 allud
572 2091 630 2161 ius
647 2111 724 2160 esse
749 2071 1009 2186 Cappadociae,
1033 2103 1139 2188 atque
1157 2087 1371 2162 Amaentae:
1389 2105 1457 2162 nec

344 2205 438 2276 iuste
473 2227 555 2276 eum
586 2205 789 2302 postulare,
821 2218 865 2278 ut
897 2209 936 2279 in
970 2205 1138 2279 Caesaris
1177 2203 1367 2280 aduentam
1404 2229 1463 2278 res

342 2323 487 2420 integra
520 2317 754 2420 dffrretrtrs
775 2321 816 2394 id
836 2325 932 2394 enim
956 2347 1033 2396 esse
1061 2325 1264 2421 integrum,
1289 2320 1386 2420 quod
1408 2324 1466 2392 ita

342 2445 457 2524 esset,
474 2446 515 2506 ut
525 2433 680 2528 fuisset.
721 2437 788 2510 His
805 2437 988 2535 responsis
1005 2435 1124 2527 datis,
1139 2460 1227 2510 curn
1253 2436 1297 2510 iis
1322 2433 1462 2532 copiis,

342 2569 435 2648 quas
453 2570 565 2652 supra
583 2549 730 2649 scripsi,
757 2551 949 2648 protectus
967 2553 1078 2630 estin
1102 2549 1337 2638 Armeniam,
1353 2547 1463 2620 loeis-

342 2688 415 2767 que
441 2666 692 2764 superioribus
717 2667 790 2743 iter
808 2667 930 2742 facere
955 2667 1140 2755 instituit3
1167 2691 1254 2742 nam
1274 2689 1321 2740 ex
1338 2667 1462 2738 Ponto

342 2805 365 2864 a
391 2782 566 2856 Comanis
591 2783 724 2883 iugum
749 2781 893 2861 editum
919 2781 1088 2859 silvestre
1113 2792 1192 2876 est,
1217 2784 1404 2885 pertinens
1422 2785 1462 2862 in

342 2898 562 2974 Armeniam
589 2901 790 2989 minorem,
809 2923 885 2998 qno
911 2901 1148 3000 Cappadocia
1173 2901 1302 2979 finitur
1319 2902 1366 2974 ab
1392 2902 1462 2974 Ar-

342 3012 480 3092 menia.
531 3012 647 3089 Cuius
663 3015 807 3092 itineris
825 3016 892 3106 has
909 3039 987 3090 esse
1005 3021 1129 3090 certas
1148 3017 1463 3116 obportunitates,

341 3125 444 3231 'quod
464 3125 502 3198 in
520 3125 613 3202 locis
639 3130 892 3230 superioribus
918 3129 1042 3204 nullus
1068 3133 1217 3231 inpetus
1243 3131 1462 3228 repentinus

340 3238 509 3316 accidere
547 3241 713 3324 hostium
739 3252 906 3344 poterat,
929 3253 971 3318 et
996 3245 1097 3344 qaod
1122 3242 1378 3343 Cappadocia,
1405 3242 1463 3315 his

335 3354 435 3456 iugis
454 3357 643 3453 subiecta,
669 3385 845 3462 magnam
865 3370 1097 3438 commeatus
1115 3363 1263 3462 copiam
1280 3367 1363 3436 erat
1376 3361 1465 3434 sub·

228 3559 232 3576 ι
339 3473 611 3555 ministratura.

391 3590 452 3662 36.
487 3591 708 3691 Complures
733 3594 887 3676 interim
915 3593 1120 3696 lagationes
1154 3596 1368 3672 Pharnaces
1406 3596 1457 3670 ad

297 3714 304 3729 ‘
337 3707 549 3784 Domitium
584 3710 724 3799 mittit,
752 3735 848 3808 quae
875 3710 920 3788 de
945 3737 1037 3810 pace
1069 3719 1242 3813 agerent,
1269 3715 1464 3814 Regiaqne

338 3813 496 3898 munera
508 3825 677 3902 Domitio
691 3826 843 3900 tenent.
868 3829 923 3904 Ea
937 3835 1154 3908 constanter
1170 3829 1295 3904 omnia
1314 3831 1466 3930 adsper-

339 3943 524 4037 natatur,
546 3968 613 4022 nec
639 3946 710 4020 st'tt'
724 3945 919 4048 quidquem
929 3945 1023 4046 fiere
1046 3952 1256 4050 antiquius,-
1279 3975 1388 4049 quam
1404 3948 1462 4021 ‹tt-

369 4247 493 4294 nerpcnsa
516 4231 639 4304 cessrunt.
665 4231 740 4286 Prior
760 4249 809 4284 vor
832 4235 863 4285 in
965 4233 1013 4284 tras
1039 4252 1092 4286 csse
1118 4247 1180 4286 cert.
1206 4236 1304 4301 otpart.
1332 4235 1466 4298 videbat,

335 4297 395 4348 aliis
412 4296 493 4350 deest.
931 4299 1053 4370 patabat.
1071 4303 1108 4352 M.
1127 4303 1167 4354 De
1184 4301 1233 4354 hae
1246 4302 1337 4373 ellipsi
1350 4321 1374 4352 v.
1393 4302 1477 4356 Sam

367 4365 862 4435 audacius.Vulgnmnte,audaciaeque.
894 4400 900 4410 -
930 4373 1000 4419 etius
1017 4369 1045 4420 in
1063 4369 1130 4421 Min.
1150 4378 1182 4433 4,
1209 4377 1230 4421 5.
1249 4369 1340 4441 ibique
1358 4370 1466 4422 Perian-

334 4430 376 4486 Μ.
394 4429 457 4488 Mox
475 4430 584 4495 Bentleii.
604 4433 681 4494 malit
697 4435 844 4496 substitisse.
930 4437 1000 4492 nius.
1018 4435 1087 4493 tteur
1104 4437 1221 4508 Gronov·
1241 4437 1349 4496 Obsert·
1369 4455 1400 4509 a,
1420 4446 1466 4510 14,
