3030 5318
327 378 415 479 144
507 393 544 452 n.
579 351 727 459 muru
753 384 978 457 Decumo
1013 381 1226 450 AFRICANO

317 591 455 666 habere
483 601 688 666 consuerat.
762 594 818 666 Eo
842 593 1012 692 equitatu
1043 591 1174 664 dextra
1208 591 1430 689 sinistraque·
1501 657 1502 666 ,

318 707 461 780 directo
485 709 531 780 ab
550 709 674 812 oppidi
691 708 886 797 lateribus,
899 708 1216 808 ipse,legionibus
1234 731 1280 780 ex
1297 712 1431 780 castris
1501 777 1502 782 ,

318 822 594 922 eductis'atque
612 825 650 896 in
668 825 756 925 iugo
769 825 940 897 inferiore
958 823 1172 912 instructis,
1190 845 1263 895 non
1284 821 1430 921 longius

317 934 394 1010 fere
417 937 508 1012 mile·
531 959 658 1036 passus
676 940 723 1010 ab
742 940 819 1013 suis
835 939 1105 1012 munitionibus
1128 959 1365 1034 progressus,
1389 936 1428 1006 in

318 1051 397 1122 acie
414 1055 598 1127 constitit.
641 1055 845 1150 Postquam
865 1053 1005 1126 diutius
1031 1053 1069 1124 in
1095 1073 1169 1122 uno
1195 1048 1278 1122 loco
1304 1047 1429 1145 Scipio

319 1169 625 1242 commorabatur
655 1175 695 1241 et
726 1175 875 1268 tempus
901 1169 972 1242 diei
1003 1169 1042 1242 in
1071 1169 1150 1240 otio
1181 1165 1433 1262 consumeba-
1501 1227 1502 1254 ἶ

318 1291 402 1376 tur,
418 1289 554 1362 Caesar
567 1289 737 1386 equitum
753 1295 898 1360 turmas
914 1309 1068 1359 suorum
1086 1285 1192 1358 iubet
1207 1285 1245 1354 in
1264 1281 1432 1354 bostium

322 1405 557 1502 equitatum,
576 1405 638 1503 qui
660 1402 707 1476 ad
725 1401 902 1504 oppidum
929 1403 968 1474 in
990 1403 1159 1476 cratone
1184 1406 1286 1488 erat,
1309 1399 1433 1474 facere

274 1583 279 1589 .
319 1522 606 1620 inpressionem
629 1520 822 1616 levemque
844 1525 1096 1606 armaturam,
1121 1518 1331 1617 sagittarios
1349 1516 1436 1588 fun·

322 1634 533 1733 ditoresque
570 1634 700 1708 eodem
732 1634 933 1707 submittit.
1007 1632 1117 1726 Quod
1153 1633 1217 1704 ubi
1253 1637 1433 1728 coeptum
1501 1659 1502 1678 ³

320 1755 377 1821 est
396 1751 474 1822 fieri
499 1758 537 1824 et
558 1751 662 1848 equis
687 1749 886 1822 concitatis
903 1747 1037 1820 Iuliani
1055 1749 1226 1845 inpetum
1244 1744 1436 1830 fecissent3
1501 1801 1502 1804 ,

318 1867 489 1941 Pacidius
521 1892 607 1941 suos
639 1867 783 1964 equites
814 1866 1050 1964 exporrigere
1084 1863 1210 1960 coepit
1241 1863 1280 1934 iu
1308 1861 1437 1960 longi·-
1501 1857 1502 1888 ³

209 1975 212 1984 ’
321 1985 513 2077 tudinem,
547 1993 591 2060 ut
622 1985 803 2058 habereut
839 1983 1060 2057 facultatem
1092 1988 1238 2055 turmas
1272 1979 1437 2052 Iulianas

323 2101 571 2174 circumfundi
595 2107 634 2174 et
662 2097 776 2172 nihilo
807 2091 931 2181 minus
954 2097 1152 2170 fortissime
1173 2095 1437 2190 *acerrimeque

263 2203 265 2208 ’
320 2235 498 2312 pugnare.
535 2215 659 2316 ,Quod
676 2215 739 2288 ubi
758 2215 894 2287 Caesar
910 2211 1194 2298 animadvertit,
1219 2213 1437 2298 trecentos,

320 2355 416 2433 quos
432 2357 478 2406 ex
494 2332 702 2432 legionibus
727 2331 863 2404 habere
881 2329 1073 2431 expeditos
1099 2333 1368 2415 consueverat,
1386 2353 1437 2402 ex
1501 2399 1502 2402 ,

317 2449 491 2549 proxima
515 2448 680 2552 legione,
708 2471 804 2546 quae
822 2448 856 2520 ei
874 2446 1014 2550 proelio
1035 2447 1074 2518 in
1094 2446 1173 2518 acie
1192 2445 1437 2532 constiterat,
1501 2481 1502 2486 ,

318 2564 426 2640 iubet
458 2567 642 2664 'equitatui
670 2561 899 2638 succurrere.
965 2562 1150 2634 Labienus
1180 2561 1331 2634 interim
1357 2563 1436 2634 suis

320 2679 509 2778 equitibus
536 2677 674 2767 auxilia
702 2679 888 2777 equestria
915 2675 1135 2750 submittere
1161 2677 1367 2772 sauciisque
1387 2701 1436 2748 ac
1501 2741 1502 2744 ,

261 2849 265 2858 .
320 2791 533 2892 defatigatis
554 2794 721 2892 integros
746 2792 1088 2887 recentioribusque
1119 2789 1261 2861 viribus
1289 2789 1438 2885 equites
1501 2797 1502 2878 ξ

321 2909 615 2983 subministrare.
675 2909 881 3006 Postquam
911 2909 1055 3006 equites
1089 2906 1218 2980 Iuliani
1254 2907 1318 2980 CD
1348 2909 1434 2980 vim
1501 2915 1502 3000 ξ

321 3021 505 3112 hostium,
533 3022 581 3096 ad
612 3028 776 3120 quatuor
806 3023 909 3096 milia
939 3045 1116 3111 numero,
1142 3022 1325 3094 sustinere
1355 3047 1437 3096 non
1501 3043 1502 3126 j

320 3142 496 3232 poterant
525 3142 564 3210 et
595 3163 617 3208 a
647 3137 723 3210 levi
758 3145 950 3212 armatura
980 3136 1229 3221 Numidarum
1262 3135 1440 3210 vulnera·
1501 3159 1502 3200 1

320 3249 460 3323 bantur
478 3252 769 3350 minutatimque
787 3253 988 3326 cedebant:
1006 3252 1142 3326 Caesar
1159 3249 1322 3322 alteram
1334 3249 1438 3322 alam

320 3368 460 3457 mittit,
489 3369 552 3466 qui
580 3370 836 3468 satagentibus
862 3369 1033 3442 celeriter
1055 3373 1309 3442 occurrerent.
1345 3370 1437 3460 Quo
1501 3443 1502 3452 χ

322 3481 426 3558 facto
444 3485 500 3558 sui
518 3483 653 3558 sublati
672 3485 856 3576 universi,
871 3485 911 3558 in
929 3485 1054 3558 hostes
1070 3485 1295 3584 inpressione
1314 3483 1438 3575 facta,
1501 3525 1502 3528 ¹

356 3751 530 3824 circumfundi.
558 3750 602 3804 Sic
633 3770 647 3802 c
673 3750 751 3804 codd·
775 3749 845 3804 oud.
947 3771 980 3804 ex
998 3756 1120 3822 proxima
1146 3753 1195 3822 leg.
1217 3781 1249 3791 -
1276 3757 1439 3804 constiterat.

322 3819 415 3872 edidit.
454 3820 502 3872 Est
525 3818 614 3878 idem,
642 3819 712 3887 quod
735 3818 846 3872 cimum-
913 3821 976 3887 Leg.
998 3820 1162 3888 exlegibus,
1190 3835 1256 3888 quae
1270 3823 1392 3886 proxima
1414 3826 1440 3870 ei

323 3887 431 3940 fundere
460 3906 486 3938 se
510 3888 576 3938 circa
605 3894 715 3938 turmas.
741 3886 845 3952 Vulgo,
910 3887 1011 3954 proelio
1033 3891 1060 3938 in
1083 3905 1122 3937 uc.
1143 3899 1223 3938 const.
1244 3885 1374 3938 Proelium
1397 3897 1439 3938 est

323 3958 414 4004 circum
443 3955 530 4005 ndere.
552 3953 589 4002 Μ.
612 3951 763 4006 infinitivus
788 3953 846 4006 loco
912 3954 958 4006 illa
975 3953 1095 4006 volitatio
1112 3954 1258 4023 equestris,
1279 3972 1346 4022 quae
1365 3972 1439 4005 nuuc

324 4040 403 4088 geron
424 4023 445 4072 ii
461 4038 515 4072 uou
533 4039 599 4071 raro.
616 4020 649 4072 V.
667 4019 699 4073 G.
719 4037 752 4084 7,
770 4024 800 4071 26
819 4027 847 4072 et
912 4021 951 4072 fit.
975 4021 1041 4089 Ergo
1064 4019 1212 4088 legionem,
1236 4039 1303 4098 quae
1328 4022 1357 4098 ip
1381 4023 1439 4073 acie
1501 4031 1502 4034 ’

325 4101 366 4154 71.
387 4089 458 4140 Delu
482 4089 639 4140 accusativus
664 4105 711 4155 pro
735 4089 844 4149 dativo,
913 4089 1079 4152 (instructu)
1104 4096 1158 4140 stat
1175 4106 1293 4154 proxima
1310 4086 1351 4138 illr
1372 4087 1441 4140 veli·
1501 4101 1502 4116 ³

324 4163 353 4206 ut
371 4153 401 4206 C.
419 4154 449 4212 3,
465 4158 508 4206 tr.
524 4153 655 4222 praesidia
671 4157 846 4206 circumduxit.
914 4156 1034 4215 talioni,
1063 4149 1138 4206 iubet
1165 4155 1260 4208 Caesar
1288 4173 1439 4208 succurrere

324 4221 404 4274 ovid.
422 4222 531 4273 Metam.
549 4231 576 4286 4,
598 4220 657 4272 360.
673 4219 785 4274 iuvenem
796 4227 847 4272 uir·
914 4221 1054 4292 equitatui.
1066 4219 1105 4272 M.
1122 4221 1172 4273 Pro
1187 4221 1288 4290 proelio
1300 4221 1346 4274 alii
1360 4239 1439 4292 prae-

324 4287 503 4358 aumfitnditur.
914 4291 990 4340 sidio.

378 4373 424 4404 uos
440 4373 474 4404 es
490 4355 846 4424 legionibus—consueuerat.

327 4373 382 4476 vil.
399 4441 423 4474 c.
440 4425 480 4485 75.
498 4423 538 4472 M.
578 4476 581 4484 ,
949 4421 1042 4480 sulas
1051 4459 1061 4488 .
1077 4423 1167 4476 euim
1183 4419 1253 4474 elati.
1270 4419 1309 4471 M.
