3030 5318
390 331 397 336 ι
471 383 553 448 ΗΒ.
588 388 683 448 GAP.
717 377 829 476 2-4.
1119 397 1179 498 79

55 581 201 684 betque
232 610 364 662 omues
395 615 419 662 a
449 591 598 690 praeda.
645 594 832 693 Oppidani
865 595 1015 670 interim
1049 589 1183 676 muros

58 705 216 776 armatis
239 703 453 802 complent:
480 715 567 782 ante
584 717 732 805 portam
751 712 963 808 frequentes
981 717 1182 792 considunt

34 817 39 826 '
57 815 99 886 ad
116 841 159 889 se
178 817 477 892 defendendum:
504 845 667 918 quorum
694 849 872 898 numerus
890 828 1050 901 duarum
1068 829 1182 930 legio-

8 1015 9 1018 *
55 955 144 1002 num
170 935 277 1008 intus
298 941 394 1010 erat.
470 938 626 1027 (laesar,
651 941 795 1014 circum
821 943 1002 1040 oppidum
1027 953 1184 1040 vectus,

7 1087 9 1206 q
54 1055 190 1124 natura
215 1051 289 1124 loci
314 1060 533 1152 perspecta,
558 1055 656 1128 redit
682 1057 720 1128 in
747 1064 883 1158 castra.
952 1063 1037 1134 Non
1063 1083 1189 1138 nemo·

53 1165 187 1265 culpae
213 1170 294 1244 eius
318 1169 654 1268 inprudentiaeque
677 1173 916 1271 adsignabat,
939 1179 1039 1274 quod
1057 1205 1178 1278 neque
1210 1247 1213 1254 .

52 1287 202 1354 certum
241 1281 371 1356 locum
404 1286 720 1383 gubernatoribus
746 1289 1036 1390 praefectisque,
1063 1319 1177 1392 quern

7 1437 10 1526 q
51 1401 247 1489 peterent,
260 1405 523 1498 praeceperat3
539 1425 680 1500 neque,
695 1411 738 1476 ut
751 1427 834 1481 mos
847 1406 961 1502 ipsius
976 1415 1178 1482 consuetu-

7 1537 8 1618 ζ
51 1511 174 1609 doque
190 1516 445 1612 superioribus
466 1519 702 1614 temporibus
717 1518 855 1608 fuerat,
885 1522 1040 1596 tabellas
1053 1525 1176 1622 signe-

7 1669 8 1724 l
49 1629 103 1696 tas
139 1627 321 1719 dederat,
355 1637 398 1704 ut
434 1633 474 1704 in
512 1638 703 1731 tempore,
737 1636 781 1706 iis
816 1635 1007 1732 perlectis,
1043 1637 1170 1711 locum

7 1791 9 1840 7
48 1749 198 1820 certum
222 1753 395 1844 peterent
421 1749 599 1822 universi.
660 1747 772 1840 Quod
797 1751 951 1824 minime
975 1751 1171 1826 Caesarem

7 1859 8 1872 ¹
49 1856 255 1948 fefellerat3
270 1886 433 1960 namque
447 1861 593 1936 nullum
610 1871 763 1961 portum
777 1871 899 1936 terrae
911 1865 1082 1956 Africae,
1095 1889 1173 1963 quo

48 1973 183 2052 classes
198 1977 465 2070 decurrerent,
481 2003 550 2079 pro
563 1987 668 2054 certo
682 1985 811 2054 tutum
824 1980 872 2052 ab
886 1963 1050 2056 hostium
1065 2009 1171 2082 prae·

7 2111 8 2120 ¹
48 2089 139 2162 sidio
164 2092 247 2168 fore
269 2095 552 2192 suspicabatur3
578 2087 643 2167 sed
669 2093 830 2168 fortuitu
863 2093 1028 2170 oblatam
1055 2121 1170 2170 occe·

45 2209 188 2284 sionem
214 2236 384 2312 egressus
399 2211 674 2310 aucupabatur.

91 2331 128 2413 4.
156 2328 202 2400 L.
227 2329 391 2404 Plancus
409 2329 559 2402 interim
577 2322 743 2428 Legatos
760 2327 855 2425 petit
869 2351 891 2398 a
904 2327 1082 2416 Caesare,
1107 2329 1166 2402 uti

45 2443 107 2514 sibi
122 2443 238 2518 daret
265 2445 487 2520 facultatem
505 2468 592 2517 cum
619 2443 795 2516 Considio
821 2441 972 2540 agendi,
995 2445 1023 2515 si
1042 2452 1167 2542 posset

49 2558 175 2658 aliqua¹
201 2563 349 2636 ratione
365 2561 529 2664 pprtluci
559 2559 606 2634 ad
629 2560 839 2632 sanitatem.
905 2561 1056 2656 ltaque,
1082 2561 1169 2636 data

48 2671 254 2766 facultate,
271 2677 414 2751 litteras
432 2676 636 2750 conscribit
657 2680 695 2747 et
718 2697 780 2746 eas
793 2674 946 2771 captivo
969 2673 1035 2747 dat
1054 2675 1172 2774 perfe-

6 2829 8 2872 ξ
45 2788 183 2864 tendas
208 2791 248 2866 iu
274 2791 454 2889 oppidum
476 2789 769 2864 adConsidium.
821 2788 1035 2880 Quusimul
1054 2795 1167 2886 atque

6 2889 8 2896 ’
47 2908 226 3004 captivus
251 2909 482 3005 pervenisset
506 2906 747 3003 litterasque,
773 2911 913 2978 uteret
929 2907 1171 2996 mandatum,

6 3019 7 3026 ἶ
49 3020 230 3096 Considio
262 3021 450 3120 porrigere
484 3023 695 3120 coepisset,
734 3023 951 3118 priusquam
986 3023 1173 3119 acciperet

50 3135 131 3227 ille,
155 3137 282 3227 Unde,
307 3140 451 3238 inquit,
476 3139 592 3213 istas?
621 3139 721 3210 Tum
738 3138 931 3236 captivus:
958 3135 1175 3236 Imperatore

82 3351 584 3422 ...a
651 3357 918 3482 aniles.

6 3517 7 3520 =
84 3503 176 3556 neque
196 3499 293 3538 artum
314 3488 395 3538 lomus
412 3513 445 3528 ·-·
459 3497 586 3566 peterent.
654 3503 761 3556 possum
773 3483 892 3553 probare.
904 3482 973 3534 Nam
1001 3483 1173 3536 rimoLatine

53 3553 131 3605 Hunc
155 3571 264 3605 sensnm
281 3573 322 3606 res
338 3557 398 3623 ipsa
416 3554 480 3606 facit
500 3557 588 3605 na'ces·
656 3551 815 3605 cousuetudo
835 3567 891 3602 non
909 3550 959 3602 fert
976 3502 1044 3602 iuno
1057 3551 1178 3606 ordinere

54 3623 179 3672 sarium:
197 3621 298 3674 codices
315 3630 405 3674 umen
422 3627 513 3673 oiratm
531 3621 587 3672 lora
655 3619 804 3672 verborum.
823 3617 910 3687 Quis,
963 3635 1041 3678 aoso,
1066 3619 1177 3669 interro·

56 3705 103 3758 pro
134 3699 237 3738 verrem
264 3689 367 3748 leuem
394 3697 423 3742 et
449 3689 512 3758 qnid
539 3705 594 3759 pro
653 3697 749 3756 gatus,
774 3703 860 3756 equo
877 3684 992 3736 Catiina
1009 3685 1104 3738 eiectus
1121 3685 1176 3744 sit,

56 3773 131 3824 quem
150 3752 290 3808 cuilibeat.
311 3755 354 3808 M.
656 3753 840 3823 responderit:
871 3751 983 3804 Consule
1000 3771 1014 3804 s
1032 3749 1178 3803 Cicerone?

90 3834 121 3871 ut
137 3839 198 3874 mor
216 3825 292 3890 ipsius
304 3823 515 3894 consuetudoque.
532 3821 590 3876 Alii
657 3821 761 3900 Miror,
789 3819 852 3872 talia
871 3821 919 3872 scri
942 3818 1039 3870 loribus
1062 3815 1177 3868 obtrudi.

58 3889 481 4012 lwtlflltll‘llta..
502 3975 530 4017 ι,
549 3973 589 4024 29.
657 3886 891 4020 l‘lllllll.
912 3905 961 4004 ...¹
972 3885 1180 4008 lllll'll‘lli

60 4021 149 4074 Paut.
168 4021 259 4074 Aulul.
278 4041 314 4085 2,
336 4042 367 4086 1,
386 4035 427 4090 4¹·
453 4025 515 4076 Nou
531 4042 590 4092 eigo
651 4039 728 4092 ymo.
746 4023 844 4074 Rursus
863 4019 964 4087 vulgata
982 4018 1076 4096 lectiq,
1096 4019 1180 4070 Venio
1273 4065 1276 4075 ,

6 4093 8 4148 l
61 4109 130 4158 opus
148 4105 210 4142 cnm
225 4089 350 4146 Oudend.
367 4109 399 4144 ex
416 4087 492 4144 Laid.
513 4109 534 4141 ι.
553 4109 591 4142 re·
658 4109 676 4141 a
687 4089 813 4149 Caesare,
827 4086 900 4141 nullo
913 4086 1000 4138 codice
1012 4093 1123 4150 mtrlur3
1135 4083 1182 4138 sed

6 4145 18 4214 ξ’
64 4175 167 4226 ponere
177 4159 296 4224 somilo
313 4177 380 4212 casu.
403 4157 433 4210 Id
451 4177 505 4210 non
523 4157 593 4210 tole·
659 4154 699 4208 es't
716 4153 950 4208 exemendstiouo.
975 4149 1103 4223 Equidem
1126 4169 1180 4204 nou

6 4237 7 4266 ἓ
63 4221 151 4274 rabile
172 4221 277 4278 videtur
302 4225 403 4280 Iurruio
427 4224 592 4296 obsequens
659 4221 755 4283 video,
773 4219 839 4292 quid
857 4220 897 4272 illi
915 4225 991 4271 inemo
1010 4219 1118 4272 inciam:
1138 4239 1182 4275 sn·

66 4293 232 4341 ooeosionem.
364 4351 367 4358 ⁴
660 4292 746 4360 epicos
776 4298 884 4349 tamen,
913 4296 974 4357 post
1001 4285 1077 4338 verba
1105 4285 1181 4338 Unde

52 4393 55 4402 .
102 4358 270 4424 [neperurore.
287 4379 304 4409 o
327 4358 448 4410 Caesare.
470 4360 514 4414 Sic
537 4357 592 4409 Da·
660 4353 745 4410 istas?
770 4355 870 4426 uliqoid
890 4355 1024 4408 excidisse.
1055 4353 1162 4408 Scilicet
1169 4387 1185 4456 3

6 4499 7 4510 γ
68 4424 155 4476 tisim
171 4425 277 4492 quidem
293 4425 378 4479 voluit
393 4425 466 4494 legi,
489 4435 517 4480 et
532 4435 594 4479 ante
659 4443 722 4478 cum
738 4423 783 4482 ille
801 4425 963 4496 quaesisset:
1004 4421 1077 4477 Unde
1093 4426 1176 4476 ism.
