3044 5316
336 295 417 424 '59
553 325 592 385 a,
626 317 764 391 nrnrn
796 323 852 420 ns
886 317 1021 384 sarno
1055 317 1271 386 acrarum

256 583 260 594 .
356 527 419 627 qui
437 524 483 598 ad
501 525 650 600 caedem
665 523 872 600 faciendam
890 523 1228 622 subsequebantur:
1247 541 1321 620 quo
1339 521 1375 596 in
1392 537 1468 598 ure

355 664 458 716 mero
473 637 544 714 fuit
561 638 782 742 Calpurnius
799 639 995 714 Salvianus
1013 645 1049 712 et
1068 637 1241 714 Manilius
1263 637 1468 712 Tusculusa

353 757 535 834 Minutius
561 758 658 832 inter
675 781 786 847 saxa,
802 779 896 854 quae
914 753 1086 828 iacebant
1098 755 1134 826 in
1153 755 1304 846 itinere,
1317 755 1469 854 fugiens

354 871 576 969 obprimitur
595 876 653 961 et,
670 869 787 946 relato
805 871 959 945 domam
975 869 1122 954 Cassio,
1136 865 1186 940 ad
1204 891 1289 940 eum
1307 865 1465 940 deduci-

352 996 426 1062 tur.
459 987 624 1062 Racilius
647 990 684 1062 in
711 987 918 1087 prordmam
945 1009 983 1058 se
1009 985 1161 1060 domum
1188 983 1377 1058 familiaris
1404 987 1465 1057 sui

292 1087 295 1091 .
352 1105 514 1196 confert,
540 1104 629 1180 dum
655 1111 801 1178 certum
826 1087 1091 1206 cognosceret,
1117 1086 1355 1174 conlectusrre
1372 1103 1465 1173 (tas-

352 1222 427 1294 sius
453 1228 559 1294 esset.
616 1221 659 1294 L.
672 1215 902 1308 Laterensis,
935 1241 1052 1317 quum
1086 1217 1123 1292 id
1150 1242 1224 1292 uon
1251 1217 1464 1310 dubitaret,

353 1335 520 1410 adcurrit
543 1334 665 1413 laetus
690 1336 728 1408 in
755 1340 896 1424 castra,
922 1327 1103 1406 militibus
1124 1316 1332 1410 vernaculis
1350 1341 1388 1409 et
1406 1361 1464 1410 se·

353 1450 497 1523 cuudae
522 1449 694 1550 legionis,
721 1448 855 1546 quibus
879 1445 968 1520 odio
992 1447 1133 1520 sciebat
1158 1449 1352 1548 praecipue
1368 1449 1465 1522 Cas-

351 1567 446 1668 sium
475 1591 572 1656 esse,
597 1565 827 1666 gratulatur:
854 1555 1000 1639 tollitur
1025 1589 1046 1636 a
1072 1562 1312 1640 multitudino
1337 1567 1375 1639 in
1395 1569 1464 1640 tri·

349 1676 482 1769 bun'al,
505 1681 660 1754 Praetor
686 1675 912 1778 adpellatur{
939 1703 1050 1754 nemo
1074 1680 1173 1762 enim
1201 1681 1267 1752 aut
1298 1681 1335 1752 in
1371 1703 1464 1778 pro·

350 1793 475 1866 vincia
501 1800 631 1884 natus,
656 1801 723 1866 aut
749 1791 968 1866 vernaculae
986 1793 1138 1892 legionis
1156 1791 1462 1880 miles,autdiu-

347 1911 535 1988 turnitate
553 1911 627 1983 iam
647 1911 768 1982 factus
786 1909 1041 2010 provincialis,
1060 1933 1136 2008 quc
1152 1910 1189 1981 in
1207 1931 1363 1981 numero
1376 1917 1461 1984 era-t

351 2027 514 2100 secunda
539 2013 651 2126 legio,
678 2051 752 2100 non
779 2052 865 2100 cum
892 2027 993 2102 omni
1012 2025 1202 2124 provincia
1220 2033 1460 2101 consenserat

346 2139 386 2216 iu
412 2141 498 2214 odio
524 2140 665 2228 Cassii3
692 2167 779 2212 nam
805 2139 965 2240 legiones
988 2141 1213 2225 tricesimam
1254 2146 1292 2211 et
1320 2139 1458 2214 'vicesi-

348 2281 452 2332 mam
480 2239 660 2357 primam,
691 2258 821 2356 paucis-
848 2240 1036 2330 mensibus
1067 2257 1105 2352 in
1138 2254 1246 2330 Italia
1279 2258 1459 2356 scriptas,

245 2447 251 2458 ,
347 2371 482 2446 Caesar
507 2372 739 2448 adtribuerat
763 2372 949 2472 Longino,
976 2372 1108 2469 quinta
1137 2369 1234 2469 legio
1258 2369 1310 2484 ibi
1336 2393 1456 2473 nuper

349 2492 430 2558 erat
456 2487 640 2564 conlecta.

401 2599 462 2686 54.
487 2601 640 2674 lnterim
667 2601 867 2674 nunciatur
899 2599 1086 2674 Laterensi
1123 2600 1254 2672 vivere
1276 2598 1461 2672 Cassium.

348 2711 433 2800 Quo
459 2714 597 2784 nuncio
623 2713 750 2786 dolore
786 2715 905 2814 tnagis
936 2720 1152 2812 permotus,
1183 2715 1294 2810 quarn
1330 2713 1458 2786 animo

347 2826 607 2920 perturbatus,
635 2827 755 2900 reficit
783 2853 821 2900 se
847 2828 1016 2902 celeriter
1049 2835 1087 2901 et
1121 2826 1168 2898 ad
1202 2825 1371 2900 Cassium
1403 2827 1459 2896 vi·

346 2935 503 3006 sendum
530 2939 786 3034 proficiscitur.
839 2944 894 3016 Re
929 2945 1100 3042 cognita,
1132 2944 1322 3015 tricesima
1356 2938 1458 3040 legio

349 3051 454 3148 signa
481 3051 693 3126 Cordubam
726 3049 838 3132 infert
872 3059 916 3132 ad
951 3058 1128 3132 auxilium
1164 3056 1357 3130 terendum
1383 3057 1458 3130 Im·

346 3170 506 3264 peratori
532 3193 624 3242 suo:
659 3172 748 3244 lacit
774 3175 845 3246 hoc
865 3175 969 3274 idem
998 3175 1174 3250 vicesima
1200 3175 1338 3274 prima:
1365 3173 1453 3244 sub·

252 3345 256 3355 .
343 3285 517 3390 [sequitur
541 3285 607 3359 has
633 3287 789 3384 quinta„
827 3292 953 3382 Quum
980 3289 1079 3363 duae
1101 3288 1266 3392 legiones·
1288 3287 1453 3387 reliquae
1493 3286 1498 3295 ’

346 3407 468 3473 essent
494 3402 532 3475 in
559 3404 705 3491 castris;
732 3405 933 3478 secundani·
951 3407 1081 3494 veriti,
1107 3432 1156 3486 ne.
1179 3407 1246 3480 soli
1271 3405 1456 3504 relinque-

345 3523 475 3592 rentur
501 3516 619 3616 atque‘
632 3543 679 3592 ex
697 3545 759 3612 eo,
785 3521 874 3618 quid
891 3522 1086 3599 sensissent
1094 3575 1107 3614 „
1123 3521 1371 3615 iudicaretur,
1393 3550 1456 3599 se-

344 3816 368 3848 r.
385 3796 465 3860 duro,
482 3799 545 3868 qui,
562 3797 685 3860 Fnrstra,
697 3801 802 3870 iuquit,
814 3799 864 3856 hoo
925 3799 1053 3856 D'eleudit
1065 3813 1141 3854 asnar·
1155 3803 1227 3856 vocis
1243 3801 1368 3856 Pithoeus
1380 3803 1451 3858 aue.

342 3863 451 3917 verbum
466 3865 615 3918 obtruditur
631 3866 729 3919 Hirtio:
748 3877 863 3937 praestat
924 3868 995 3922 subs.
1027 3887 1064 3931 a,
1092 3872 1115 3922 8.
1140 3878 1167 3922 et
1194 3869 1352 3938 Rutgcrsius
1374 3871 1453 3926 Lecta

341 3929 573 3994 tatertautlocum
580 3941 863 4003 cnurupturuesse.aut
924 3935 1021 3989 Vanus.
1037 3955 1059 3988 c.
1071 3935 1112 3986 23.

343 3997 862 4068 uoniuteiligirsignificatioverbibaru,
927 4041 931 4050 .
971 4013 1024 4054 'uae
1045 4003 1168 4058 iacebant·
1190 4001 1233 4056 Sic
1254 4001 1320 4056 bene
1345 4001 1448 4058 Oudta

333 4063 405 4116 x'nota
422 4065 498 4132 uptiis
516 4086 530 4117 e
546 4067 716 4135 scriptoribus
728 4069 863 4136 antiquis,
926 4019 1001 4121 codd.
1026 4067 1114 4136 Vulgo
1131 4071 1274 4129 iaciebant,
1292 4073 1357 4122 item
1373 4075 1449 4124 iacta·

342 4139 383 4182 ost
407 4130 491 4194 haec,
517 4141 549 4184 ut
575 4133 699 4202 stupidus
721 4143 748 4186 et
773 4135 862 4187 fatuus
924 4135 1025 4189 tanen.

342 4195 422 4250 bomo
439 4217 469 4249 eo
486 4217 517 4251 cn
537 4200 666 4261 rimatur}
690 4199 761 4262 illa„
783 4219 862 4270 quam
955 4207 1042 4268 panea
1073 4203 1208 4256 mansibus»
1238 4202 1322 4258 luein.
1354 4201 1448 4258 norit

341 4261 490 4318 scholiastes
542 4267 588 4318 rsii
599 4265 693 4326 tradit,
704 4268 727 4319 si
738 4276 861 4329 estsere,
923 4281 996 4320 antee

342 4337 381 4383 eat
406 4329 489 4384 multo
512 4333 662 4387 recentioris
689 4335 789 4390 nutis.
818 4335 862 4390 Μ.
957 4336 1120 4389 iudicaretur·
1136 4335 1192 4391 Atti
1207 4336 1377 4398 indicaretur·
