3044 5316
284 401 347 498 as
480 391 519 494 s.
556 429 697 492 maru
730 431 786 493 os
822 431 958 493 eruto
994 427 1212 493 asexann.

283 633 496 732 stantiaque
523 632 793 736 obpugnandi,
834 657 910 734 quo
936 635 995 710 die
1021 640 1087 708 est'
1112 632 1332 734 adgressus,
1365 636 1405 709 ln

285 777 394 831 suam
430 749 576 851 redegit
609 757 838 851 potestatem
872 751 1174 854 praesidiumque
1208 749 1260 826 ibi
1294 775 1406 826 suum

284 867 512 968 conlocavit.
575 866 685 956 lude,
721 887 760 940 re
786 867 880 940 bene
907 874 1038 969 gesta,
1064 864 1332 942 Alexandriam
1359 863 1407 944 ad

285 986 485 1060 Caesarem
519 983 738 1074 contendit,
771 1007 974 1082 omnesque
1010 1008 1072 1058 eas
1104 983 1300 1084 regiones,
1341 1006 1409 1082 per

285 1125 379 1202 quas
405 1100 478 1175 iter
504 1099 688 1186 faciebat,
716 1099 946 1180 auctoritate
973 1123 1042 1200 ea,
1068 1121 1164 1201 quae
1188 1096 1409 1198 plerumque

286 1218 392 1293 adest
418 1218 580 1308 victori,
601 1221 757 1317 pacaret
791 1221 904 1319 etque
936 1216 975 1290 in
1007 1213 1215 1290 amicitiam
1240 1213 1409 1288 Caesaris

284 1333 494 1434 redegerat.
515 1333 517 1338 ’
1360 1388 1362 1402 .

340 1471 401 1545 27·
421 1447 544 1520 Locus
567 1441 628 1522 'est
652 1447 731 1521 fere
756 1446 951 1546 regionum
971 1443 1119 1522 illarum
1135 1441 1406 1528 nobilissimus,

289 1591 367 1642 non
394 1567 447 1640 ita
473 1565 583 1668 longe
606 1564 653 1638 ab
672 1549 919 1654 Alexandria,
946 1564 1011 1664 qui
1037 1563 1255 1638 nominatur
1280 1559 1410 1648 Delta,

288 1684 391 1786 quod
416 1707 554 1758 nomen
574 1708 596 1755 a
618 1680 860 1758 similitudine
886 1679 1034 1754 litterae
1062 1681 1185 1780 cepit;
1213 1703 1299 1758 nam
1326 1704 1411 1778 pars

290 1799 476 1899 quaedam
494 1797 658 1872 fluminis
680 1788 775 1886 Nili,
794 1797 888 1870 mire
915 1795 1084 1870 derivata
1109 1787 1209 1871 inter
1236 1821 1295 1888 se,
1321 1795 1413 1898 duo·
1520 1839 1521 1844 =

222 1979 224 1986 ,
287 1921 359 1993 bus
384 1916 581 2018 itineribus
608 1911 805 2014 paullatim
838 1913 1006 1988 medium
1040 1916 1140 1989 inter
1175 1941 1214 1990 se
1248 1917 1413 2015 spatium

289 2032 525 2129 relinquens,
542 2029 793 2132 diversissimo
811 2028 860 2103 ad
880 2027 969 2104 litus
986 2029 1185 2104 intervallo
1211 2033 1306 2104 mari
1325 2055 1413 2105 con-

289 2148 470 2246 iungitur.
519 2145 588 2218 Cui
605 2143 693 2219 loco
712 2169 830 2244 quum
849 2144 1150 2246 adpropinquare
1168 2144 1414 2220 Mithridaten

290 2261 375 2334 Rex
401 2260 641 2362 cognovisset
675 2266 714 2333 et
746 2258 1020 2334 transeundum
1046 2262 1079 2335 ei
1107 2258 1261 2350 flumen,
1280 2261 1415 2351 sciret,
1520 2331 1521 2334 ,

290 2359 452 2476 magnas
475 2373 656 2448 adversus
683 2398 771 2449 eum
799 2374 925 2476 copias
950 2376 1077 2466 misit,
1104 2375 1239 2476 quibus
1266 2375 1327 2448 vel
1353 2399 1415 2448 su·

293 2489 415 2592 perari
436 2488 622 2588 delerique
642 2489 912 2578 Mithridaten,
939 2490 1000 2564 vel
1026 2491 1104 2564 sine
1132 2489 1246 2564 dubio
1263 2489 1416 2567 retineri

293 2607 420 2714 posse,
438 2604 628 2678 credebat.
646 2605 976 2696 Quemadmodum
995 2612 1122 2678 autern
1149 2604 1306 2704 optabat
1329 2627 1415 2676 eum

295 2714 425 2814 vinci,
459 2722 511 2793 sic
547 2721 637 2793 satis
664 2721 855 2811 hahebat,
886 2721 1135 2800 interclusum
1160 2749 1182 2794 a
1209 2722 1418 2795 Caesarea

295 2863 335 2912 se
349 2839 514 2913 retineri.
557 2839 663 2930 Quae
680 2839 825 2934 primae
844 2839 978 2938 copiae¹
991 2836 1133 2912 flumen
1152 2863 1175 2912 a
1191 2837 1302 2912 Delta
1318 2845 1418 2912 tran-

296 2954 368 3030 sire
402 2961 441 3030 et
474 2953 687 3030 Mithridati
726 2977 925 3030 occurrere
959 2962 1192 3058 potuerunt,
1233 2955 1417 3056 proelium

253 3097 257 3106 ·
297 3073 594 3162 commiserunt,
619 3069 839 3145 festinantes
869 3073 1081 3173 praeripere
1107 3073 1418 3172 subsequentibus

297 3187 479 3260 victoriae
505 3187 757 3269 societatem
794 3211 956 3285 quorum
983 3189 1154 3287 inpetum
1181 3189 1419 3263 Mithridates

295 3328 434 3404 magna
460 3326 548 3378 cum
577 3302 798 3404 prudentia,
824 3307 1096 3380 consuetudine
1132 3315 1262 3394 nostra
1288 3308 1419 3382 castris

298 3417 467 3505 vallatis,
494 3419 684 3500 sustinuit.
730 3421 860 3512 Quum
885 3444 977 3494 vero
1003 3422 1155 3500 incaute
1182 3430 1297 3526 atque
1323 3425 1419 3500 inso-

332 3665 431 3718 ar'ctan‘.
448 3660 533 3715 Codd.
551 3660 660 3732 quidam
676 3665 807 3716 victoriae.
891 3665 996 3724 Wassii
1013 3665 1047 3720 ad
1063 3665 1127 3721 Sall.
1150 3666 1204 3737 Ing.
1222 3620 1247 3720 c.¹
1263 3669 1303 3720 88.
1322 3687 1336 3720 a
1353 3668 1421 3736 My·

162 3813 165 3818 ·
269 3827 271 3832 .
314 3767 823 3846 -racarar.1ra00a.v0nn.·vnga
890 3732 1332 3872 gfqufqlssffffgffiolgfupdgquo
1349 3735 1419 3803 Plin-

295 3839 423 3908 placarat.

329 3931 468 3998 derivata,
495 3931 525 3982 in
542 3933 628 3984 varios
644 3920 729 3985 veluti
753 3933 823 3987 rivos
924 3907 1419 3980 mli⁶⁰niw'vulg⁰“mi³m⁸l²⁰

297 3996 400 4064 divisa,
426 3996 584 4052 discurrens.
612 3999 732 4052 Verbum
759 4005 824 4052 mire
890 3974 930 4027 Μ·

299 4081 346 4181 pler
365 4063 467 4180 chieas
484 4066 617 4164 incertam
634 4076 695 4147 estj
723 4067 824 4120 hahent
915 4085 1024 4151 ‘magno'
1034 4089 1090 4122 eum
1098 4073 1251 4153 prudentia.
1269 4073 1319 4156 ldie
1336 4071 1420 4161 codsa

297 4135 824 4272 :itatrthttllthtttlthtl
890 4136 1209 4274 ggpppnghqffies
1212 4153 1421 4281 '213th

296 4281 330 4344 ne
359 4267 456 4342 'gauter
483 4268 619 4348 omissum.
649 4271 691 4350 M.
717 4271 823 4350 ‘Mirum
890 4274 1161 4340 virtutummdem
1177 4275 1420 4346 “Alexandrinorum

297 4349 325 4382 vr
345 4349 383 4382 err
451 4341 516 4387 terat
544 4343 582 4388 rte
612 4337 744 4402 derrvan,
791 4348 823 4391 ut
889 4342 1062 4407 inprudentia.
1091 4342 1145 4397 Sed
1171 4343 1254 4412 illud,
1284 4359 1310 4398 ss
1337 4347 1419 4412 Ales,

260 4411 262 4416 ·
298 4398 382 4450 forma
421 4407 511 4453 rtterae
544 4413 563 4460 Δ
596 4403 659 4456 iude
694 4405 822 4476 prodiret.
890 4413 976 4474 inpra,
1003 4417 1044 4462 ast
1060 4410 1179 4468 alienum
1197 4414 1420 4474 additamentum.

294 4464 423 4522 Ceterum
438 4469 526 4523 soteri
542 4479 656 4527 nam
672 4473 823 4528 comestura
889 4476 927 4532 M·
1351 4471 1367 4482 ⁴*
1412 4471 1416 4481 ¹
