3090 5326
335 413 422 483 iao
526 419 564 480 Α.
600 420 738 484 uruuu
773 407 997 506 nicanum
1032 411 1246 480 nnnrcnno

327 625 498 714 Labieni,
523 625 602 706 siv'e
628 571 882 714 veritiJnEin
899 623 1069 698 fossa‘ab
1096 623 1285 722 equitibus¹
1311 609 1446 724 obptie

328 748 539 828 merentur,
563 740 638 812 rari
664 765 708 812 ac
735 738 867 838 singuli
885 738 931 812 de
947 763 1039 837 rupe
1058 739 1205 838 prodire
1232 745 1271 812 et
1297 759 1447 812 summa
1531 749 1532 772 ¹

329 863 455 956 petere
481 855 606 936 collis:
632 879 727 953 quos
753 855 919 928 Caesaris
937 857 1080 953 equites
1098 857 1289 928 consecuti
1311 858 1450 955 partim

328 969 620 1058 interfecerunt,
645 971 786 1068 partim
809 969 986 1042 vivorum
1019 977 1106 1040 sunt
1145 971 1281 1068 potitis
1317 969 1452 1042 deiude

329 1083 501 1182 protinus
536 1083 670 1156 collem
711 1090 839 1182 petere
873 1083 1151 1156 contenderunt
1189 1089 1303 1180 atque
1338 1107 1454 1173 eum,
1529 1081 1533 1180 l

330 1200 487 1295 decusso
513 1201 668 1273 Labieni
694 1199 906 1298 praesidio,
946 1199 1117 1274 celeriter
1155 1207 1454 1298 occupaverunts

329 1314 522 1388 Labienus·
543 1338 630 1386 cum
665 1321 772 1414 parte
807 1305 1072 1412 equitum-vix
1098 1313 1188 1414 fuga
1214 1314 1282 1387 sibi
1308 1316 1458 1415 peperit

330 1426 506 1500 salutem.

388 1545 449 1616 51.
475 1544 557 1618 Hac
585 1565 625 1617 re
652 1569 718 1644 per
744 1545 888 1644 equites
914 1529 1057 1645 gesta,'
1083 1545 1219 1618 Caesar
1247 1545 1458 1647 legionibus
1533 1547 1534 1552 ’

332 1681 447 1756 opera
474 1659 666 1734 distribuit
692 1667 806 1758 atque
829 1663 868 1736 in
887 1685 931 1734 eo
950 1659 1061 1750 colle,
1084 1683 1159 1756 quo
1186 1667 1266 1732 erat
1292 1661 1459 1758 potitus,

334 1778 457 1860 castra
484 1776 658 1848 munivit·
705 1774 848 1848 Deinde
867 1773 913 1848 ab
932 1775 1007 1848 suis
1029 1773 1202 1846 maximis
1230 1774 1363 1846 castris
1390 1793 1460 1871 per
1534 1805 1535 1836 ι

335 1889 503 1990 medium
540 1915 741 1990 campum,
768 1913 788 1962 e
814 1891 964 1990 regione
998 1890 1124 1990 oppidi
1159 1889 1320 1980 Uzitae,
1356 1891 1460 1989 quod
1535 1926 1536 1984 r

338 2008 438 2082 inter
463 2033 530 2082 sua
557 2016 681 2086 castra
698 2015 738 2082 et
759 2008 944 2108 Scipionis
962 2009 1000 2080 in
1019 2006 1173 2106 planitie
1198 2010 1359 2106 positum
1377 2015 1460 2084 erat
1535 1993 1536 2080 Ῐ

341 2124 615 2222 tenebaturque
637 2151 658 2196 a
678 2123 876 2221 Scipione,
902 2121 977 2194 duo
1003 2121 1157 2194 brachia
1182 2121 1346 2194 instituit
1369 2121 1459 2197 duci

338 2241 376 2308 et
388 2303 390 2310 ,
402 2239 454 2310 ita
480 2239 642 2339 erigere,
659 2244 703 2314 ut
721 2238 768 2320 ad
787 2236 968 2336 angulum
986 2235 1163 2308 dextrum
1187 2236 1456 2333 sinistrumque

338 2353 417 2428 eius
436 2356 559 2454 oppidi
579 2355 838 2428 convenirent.
876 2351 920 2424 ld
937 2351 1007 2425 hac
1024 2354 1171 2425 ratione
1189 2376 1283 2451 opus
1298 2353 1460 2426 instrue-

337 2469 426 2560 bat,
451 2477 512 2561 ut,
538 2495 656 2570 quum
683 2473 836 2571 propius
864 2469 1041 2568 oppidum
1072 2469 1198 2570 copias
1216 2470 1463 2563 admovisset,-

343 2585 635 2684 obpugnareque
651 2588 862 2685 coepisset,
882 2583 986 2660 tecta
1005 2583 1121 2656 latera
1148 2585 1222 2658 suis
1248 2583 1466 2658 munitioni-s
1537 2660 1538 2710 p

334 2701 411 2772 bus
439 2701 620 2791 haberet,
648 2727 718 2786 ne,
743 2701 791 2774 ab
817 2702 1008 2798 equitatus
1034 2695 1276 2776 multitudine
1303 2703 1468 2776 circum-
1537 2711 1538 2714 ’

340 2827 496 2908 ventus,
514 2820 560 2892 ab
576 2820 855 2918 obpugnatione
870 2818 1139 2906 deterreretur3
1158 2825 1373 2918 praeterea,
1388 2845 1468 2918 quo

345 2935 490 3032 facilius
518 2931 717 3046 conloquia
744 2934 823 3008 fieri
850 2941 1002 3034 possent
1028 2941 1093 3024 et,
1120 2921 1238 3033 siqui
1271 2913 1468 3036 perfugere

341 3050 503 3142 vellent,
528 3051 567 3126 id
593 3050 695 3150 quod
713 3057 823 3124 antea
837 3075 947 3150 saepe
973 3051 1184 3142 acciderat,
1210 3076 1349 3154 magno
1377 3073 1469 3128 cum

343 3189 474 3258 eorum
510 3165 705 3266 periculo,
737 3172 821 3260 tum
848 3165 958 3238 facile
984 3171 1024 3238 et
1039 3166 1128 3240 sine
1155 3167 1320 3266 periculo
1346 3169 1467 3243 fieret.

344 3279 477 3356 Voluit
504 3273 619 3357 etiarn
647 3281 827 3380 experiri,
854 3303 970 3378 quum
998 3281 1150 3380 propius
1176 3281 1322 3354 hostem
1345 3273 1470 3374 ac'ces·

346 3400 472 3482 sisset,
492 3395 695 3469 haberetne
709 3397 747 3469 in
761 3397 885 3478 animo
900 3395 1091 3468 dimicare.
1126 3395 1338 3472 Accedebat
1352 3398 1468 3470 etiam

346 3507 391 3580 ad
420 3507 583 3604 reliquas
615 3533 789 3600 caussas,
823 3510 979 3607 quodie
1004 3509 1112 3582 locus
1139 3511 1331 3610 depressus
1366 3517 1466 3604 erat,

347 3615 524 3720 puteique
542 3623 593 3697 ibi
612 3623 823 3724 complures
840 3623 919 3698 fieri
937 3631 1131 3725 poterant3
1150 3628 1349 3724 aquatione
1365 3627 1466 3698 enim

343 3905 392 3976 leg.
416 3907 462 3959 isti
475 3901 518 3957 vel
535 3904 629 3956 hostes.
651 3903 791 3958 Goduiuus
813 3899 869 3956 La·
932 3869 1318 3976 promoveremqueadionam.
1336 3893 1374 3954 Μ.
1387 3903 1465 3958 oud.

225 4033 227 4048 4
344 3975 464 4024 taniam.
476 3972 529 4026 Sed
540 3981 596 4022 tum
609 3991 657 4038 pro
669 3972 786 4032 Labieni,
795 3973 868 4044 quod
935 3975 1040 4026 inverso
1058 3973 1150 4024 ordine
1168 3971 1216 4042 leg.
1235 3981 1313 4042 putat
1327 3978 1426 4042 erigere
1440 3986 1470 4024 et

243 4087 255 4108 „
345 4043 479 4109 sequitur,
504 4038 622 4091 dicturus
647 4040 741 4091 suisset
768 4041 868 4093 Hirtius
935 4047 973 4092 ito
985 4043 1051 4113 duci.
1069 4041 1265 4106 Davisduuepa
1283 4041 1321 4092 sic
1337 4040 1468 4092 etlurin.

345 4107 429 4226 3302
447 4111 494 4159 sui.
523 4105 638 4161 lucinius
652 4106 706 4178 logi
722 4105 779 4160 vult
808 4107 869 4164 Nu·
936 4103 1059 4162 Sednota
1068 4118 1158 4160 nostro
1167 4116 1274 4184 etspeta
1283 4107 1332 4160 ista
1340 4107 1467 4158 variatio.

380 4259 490 4374 eriget}
505 4255 608 4374 ῐωὲιιο,
624 4257 738 4374 dirigege
749 4295 762 4338 ,g
777 4267 808 4309 nt
824 4257 870 4308 Lis

347 4331 513 4441 lisiiilriilnisti
530 4324 871 4446 ceilaliliiebnetliiilbeculii
971 4391 1107 4459 conloquio
1114 4391 1184 4464 fieri
1201 4393 1314 4458 possent.
1334 4388 1386 4438 ·Cs.
1405 4408 1470 4461 cap.

349 4463 449 4538 certum
473 4455 583 4520 ducere,
614 4467 644 4510 ut
660 4477 682 4511 c.
702 4461 742 4535 ᾶᾷἸ
764 4455 872 4512 bractea
940 4459 1038 4540 ttsgDe
1056 4475 1116 4528 aqu.
1133 4470 1243 4530 angrtsta
1260 4456 1314 4514 rid.
1335 4454 1396 4509 lud.

970 4220 1119 4270 instruebar.
1149 4219 1192 4271 sic
1210 4227 1237 4269 et
1259 4218 1291 4272 G.
1310 4221 1345 4280 8,
1363 4226 1404 4282 41.
1422 4222 1463 4269 μὶ.-

936 4301 998 4338 neas
1015 4298 1041 4336 et
1057 4296 1162 4356 aggeres
1180 4291 1315 4337 instruere.
1398 4327 1401 4332 .
