2998 5320
332 385 436 489 240
759 394 1039 477 retensum..

339 605 420 674 tate
437 572 660 677 donatorum
673 601 942 698 inoisaessent,
967 571 1094 680 revelli
1111 607 1274 683 iussisset
1284 631 1302 682 :³
1322 603 1435 684 eidem
1483 631 1484 700 1

339 713 578 804 Dolabellae,
602 739 663 789 me
689 718 860 794 audiente
875 713 898 811 ,'
918 721 1052 796 Caesar
1066 721 1178 794 dixit:
1217 723 1329 797 Nihil
1347 749 1436 813 esse,

339 831 438 931 qnod
458 832 502 906 de
526 832 637 930 Mega
657 848 853 920 veteretum
883 833 1088 932 beneficium
1114 863 1221 912 suum
1246 845 1345 914 ineo
1368 867 1438 912 ma·

339 969 432 1019 nere.
461 947 733 1062 canorum.
764 950 833 1040 13,
860 951 921 1024 aa.
946 949 1188 1026 adAoctnn.

538 1227 547 1234 .
661 1175 719 1249 nn
739 1188 773 1250 c.
794 1141 915 1252 rvuro
935 1190 1127 1277 causum.

345 1399 348 1406 ,
393 1335 466 1410 Sed
490 1345 641 1428 tamen,
667 1325 806 1429 Brute,
829 1340 949 1437 inquit
972 1341 1153 1430 Atticus,
1172 1339 1216 1412 de
1234 1339 1389 1414 Caesare
1405 1345 1440 1413 et
1483 1401 1484 1446 ἦ

308 1449 419 1548 'ipse
444 1452 498 1523 ita
522 1451 670 1542 iudico,
710 1453 822 1527 etde
850 1456 922 1528 hoc
952 1455 1062 1528 huius
1097 1455 1238 1555 generis
1266 1457 1440 1528 acerrimo
1483 1447 1484 1488 ³

343 1565 582 1648 aestimatore
622 1567 830 1666 saepissime
865 1567 994 1652 audio,
1037 1567 1345 1666 illumomnium
1372 1568 1440 1638 fere

346 1684 541 1750 oratorum
566 1679 696 1752 Latine
722 1680 824 1778 loqui
850 1681 1138 1782 elegantissime,
1171 1706 1238 1754 nec
1265 1680 1301 1754 id
1329 1679 1441 1751 solum
1482 1749 1484 1766 ,

346 1793 548 1868 domestica
568 1797 868 1887 'consuetudine,
895 1805 937 1871 ut
963 1798 1103 1872 dudum
1122 1798 1165 1870 de
1183 1796 1391 1870 Laeliorum
1410 1801 1443 1869 et
1483 1809 1484 1816 ’

344 1904 558 1984 Muciorum
585 1907 731 1984 familiis
756 1911 1014 2002 audiebamus,
1042 1905 1129 2004 sed,
1160 1936 1384 2010 quamquam
1410 1909 1443 1984 id
1481 1979 1484 1998 ,

347 2035 506 2126 quoque
530 2027 641 2102 eredo
672 2027 808 2120 fuisse,
842 2034 968 2102 tamen
997 2035 1038 2102 ut
1072 2035 1167 2102 esset
1197 2029 1363 2129 perfecta
1388 2027 1444 2103 illa

344 2142 438 2216 bene
463 2141 635 2238 loquendi
662 2141 768 2232 laus,
807 2141 935 2215 multis
968 2143 1128 2233 litteris,
1168 2145 1240 2217 et
1230 2145 1273 2216 ris
1301 2143 1444 2242 quidem
1481 2217 1482 2222 ,

347 2253 547 2327 reconditis
574 2262 612 2327 et
638 2257 829 2353 exquisitis
855 2291 906 2316 «—
931 2261 987 2372 est
1013 2264 1261 2349 consecutus,
1290 2263 1365 2331 etc
1390 2258 1443 2328 Ex
1482 2259 1484 2270 '

351 2365 470 2440 Cisso
453 2393 492 2440 ιη
516 2367 690 2442 Brutos.
719 2383 778 2462 723
852 2394 853 2398 ’

400 2539 473 2614 Sed
492 2565 628 2641 perge,
663 2541 866 2639 Pomponi,
893 2539 937 2614 de
955 2540 1133 2631 Caesare,
1158 2535 1333 2620 et-redde
1362 2558 1446 2634 quae
1482 2625 1484 2648 l

347 2659 502 2727 restant.
529 2653 656 2726 Solum
684 2656 856 2752 quidem,
880 2657 1001 2754 inquit
1018 2655 1106 2744 ille,
1135 2661 1175 2726 et
1190 2654 1291 2752 quasi
1319 2651 1447 2723 funda·
1481 2659 1484 2750 ‘J

297 2803 299 2814 ·
349 2774 522 2842 mentum
549 2769 707 2840 oratoris
728 2776 801 2844 etc.
826 2757 960 2844 Caesar
986 2771 1113 2844 autem
1139 2771 1321 2842 rationem
1351 2765 1448 2839 adlri-

248 2897 252 2906 ’
315 2927 318 2936 ,
350 2884 466 2974 bens,
506 2885 811 2958 consuetudinem
846 2887 1019 2959 'vitiosam
1047 2892 1085 2958 et
1111 2889 1333 2982 conruptam
1365 2907 1448 2982 pura
1481 2873 1484 2907 ¹

135 3047 141 3054 -
235 3091 239 3100 .
340 3003 395 3072 'et
421 3003 642 3099 ioconrupta
668 3001 934 3076 consuetudine
962 3001 1146 3076 emendat.
1185 3005 1313 3101 ltaque
1341 3025 1449 3099 quum

351 3117 400 3190 ad
425 3117 520 3192 hanc
560 3115 780 3216 elegantiam
821 3119 1018 3190 verborum
1046 3103 1289 3208 Latinorum,
1333 3141 1450 3216 quae,
1482 3131 1484 3142 “

351 3231 496 3304 etiamsi
522 3236 650 3303 orator
675 3249 750 3303 non
777 3231 851 3322 sis,
878 3237 915 3304 et
940 3233 987 3304 sis
1005 3233 1186 3330 ingenuus
1205 3235 1297 3305 civis
1316 3231 1450 3303 Roma·
1483 3227 1484 3249 ³

267 3429 268 3436 ἵ
353 3369 450 3436 nus,
493 3351 621 3420 tamen
655 3348 860 3420 necessaria
887 3353 971 3437 est,
1015 3348 1184 3448 adiungit
1208 3342 1270 3423 illa
1297 3323 1484 3420 oratoria³

354 3465 575 3532 ornamenta
600 3459 770 3532 dicendi‘
805 3466 890 3532 tum
917 3403 1064 3534 videtur
1091 3465 1284 3558 tamquam
1311 3457 1451 3533 tabulas
1483 3437 1484 3477 ¹

354 3575 447 3649 bene
472 3576 591 3674 pictas
625 3573 856 3647 conlocare
846 3601 884 3646 m
911 3576 1314 3664 bonolumine3l1anc
1343 3593 1484 3675 quum

356 3687 494 3760 habeat
532 3689 772 3785 praeeipuam
810 3688 1001 3760 laudem
991 3716 1030 3762 m
1063 3692 1348 3779 communibus,
1385 3710 1452 3760 non

293 3799 300 3808 ’
358 3803 489 3893 video,
515 3827 576 3875 cur
565 3802 726 3876 debeat
743 3803 892 3875 cedere
920 3801 1149 3902 splendidam
1166 3806 1370 3902 quamdam
1391 3803 1484 3875 mi

357 3899 530 4014 nimeque
557 3913 823 3991 veteratoriam
838 3919 1020 3991 rationem
1038 3918 1182 3991 dicendi
1198 3925 1331 4006 tenet,
1346 3939 1484 4028 voce,

326 4091 331 4104 .
358 4039 487 4122 motu,
514 4031 635 4104 forma
661 4033 773 4104 etiam
800 4031 996 4130 magnifica
1022 4039 1060 4104 et
1086 4015 1262 4132 generosa
1284 4030 1484 4129 quodam
1483 4001 1484 4092 l

360 4148 486 4221 modo.
537 4151 636 4221 Tum
667 4149 828 4221 Brutus.
873 4149 1069 4220 Orationes
1109 4149 1256 4245 quidem
1285 4150 1362 4226 eius
1388 4145 1484 4220 eloi

362 4267 475 4356 atque
500 4263 614 4336 etiam
642 4262 928 4335 commentarios
955 4261 1134 4356 quosdam
1166 4263 1311 4358 scripsit
1336 4280 1484 4368 rerum
1483 4221 1484 4312 l

332 4397 525 4490 suatum
528 4375 648 4451 valde
674 4376 849 4474 quidem,
889 4378 1068 4474 inquam,
1105 4372 1345 4474 probandos:-
1372 4329 1484 4460 nudil
