3044 5316
338 375 395 438 ro
452 455 453 459 Ν
519 375 560 436 t.
594 372 736 435 nrnrn
769 371 826 446 nu
861 373 997 434 sucro
1033 369 1252 436 snnxxnu.

331 579 435 652 urbis
460 577 627 678 partibus
653 576 839 684 exclusis⁸
864 601 960 676 quae
1000 577 1047 651 ab
1081 578 1162 678 ipso
1198 575 1461 670 tenebantur,

331 721 450 794 aquae
478 720 651 796 magnam
680 696 758 767 vim
789 718 836 773 ex
868 679 964 768 mari
999 695 1092 766 rotis
1131 719 1176 766 ac
1203 694 1459 768 machinatio-

329 810 440 884 nibus
458 810 665 906 exprimere
683 807 891 891 contendit.
943 809 1051 882 Hanc
1077 807 1171 881 locis
1198 809 1458 907 superioribus

329 921 484 998 fundere
502 925 539 994 in
558 931 704 1020 parbem
722 924 889 1020 Caesaris
905 948 980 996 non
1006 922 1301 1010 intermittebat;
1321 947 1459 1020 quam-

329 1040 459 1112 obrem
495 1036 624 1110 salsior
658 1037 783 1137 paullo
817 1046 966 1136 praeter
1005 1037 1316 1112 consuetudinem
1354 1063 1457 1134 aqna
1489 1070 1492 1074 ·

328 1151 550 1227 trahebatur
576 1176 623 1222 ex
647 1153 827 1250 proximis
862 1153 1063 1243 aedificiis,
1098 1177 1349 1252 magnamque
1384 1153 1455 1224 bo-

327 1270 492 1346 minibus
511 1267 800 1342 admirationem
818 1268 1043 1368 praebebat,
1060 1293 1175 1367 quam
1203 1268 1251 1342 ob
1280 1293 1457 1342 caussam

326 1384 367 1458 id
393 1383 608 1458 accidisset:
636 1366 704 1456 iaec
732 1384 822 1456 satis
848 1383 918 1473 sihi
943 1384 1012 1482 ipsi
1031 1382 1256 1471 credebant,
1276 1404 1394 1480 quum
1412 1407 1455 1455 se

327 1497 520 1574 inferiores
547 1498 712 1570 eiusdem
738 1500 883 1597 generis
909 1523 954 1586 sc
981 1497 1124 1597 saporis
1158 1520 1256 1594 aqua
1283 1497 1456 1572 dicerent

332 1613 409 1698 uti,
429 1618 541 1708 atque
560 1618 648 1685 ante
674 1620 936 1694 consuessenti
964 1611 1152 1714 vulgoque
1179 1613 1275 1684 inter
1301 1635 1340 1682 se
1367 1633 1455 1684 con·

328 1728 500 1802 ferebant
525 1735 564 1801 et
590 1728 843 1829 degustando,
862 1735 1049 1827 quantum
1065 1731 1164 1802 inter
1191 1753 1228 1801 se
1256 1727 1454 1811 differrent

329 1870 473 1943 aquae,
499 1848 788 1947 cognoscebant.
832 1848 954 1935 Parvo
981 1871 1072 1920 vero
1099 1848 1279 1944 temporis
1305 1848 1453 1945 spatio,

330 1959 425 2032 haec
445 1961 596 2059 propior
623 1961 698 2034 bibi
730 1963 883 2034 omniuo
911 1987 985 2052 npn
1013 1967 1180 2060 poterat3
1207 1959 1269 2034 illa
1294 1961 1448 2036 inferior

334 2079 554 2174 conruptior
579 2078 654 2150 iarn
681 2077 883 2176 saisiorque
910 2079 1177 2180 rpperiebatur.

382 2215 416 2286 7.
435 2198 521 2287 Quo
548 2194 649 2266 facto
677 2193 911 2268 dubitatione
938 2193 1117 2284 flublata,
1140 2199 1270 2268 tantus
1296 2197 1452 2270 incessit

325 2311 464 2401 timor,
490 2318 534 2390 ut
560 2311 608 2384 ad
635 2317 849 2384 extremum
877 2336 1008 2399 cauum
1034 2311 1190 2410 periculi
1217 2339 1346 2387 omncs
1381 2313 1451 2388 de-

326 2425 432 2500 ducti
460 2425 700 2517 viderentur,
725 2433 839 2524 atque
866 2425 927 2498 alii
953 2428 1093 2500 morari
1120 2425 1320 2502 Caesarem
1346 2427 1452 2507 dice·

325 2551 433 2634 rent,
459 2545 549 2641 quin
576 2567 689 2616 naves
728 2541 978 2634 conscendore
1017 2544 1187 2629 iuberet,
1230 2544 1292 2618 alii
1326 2544 1450 2620 multo

327 2657 480 2758 gravius
508 2656 799 2730 extimescerent
834 2679 991 2750 casum3
1032 2657 1134 2753 quod
1175 2683 1294 2756 neque
1335 2660 1450 2734 celari

326 2769 585 2848 Alexandrinis
611 2778 761 2868 possent
787 2771 825 2842 in
853 2770 1065 2868 adparanda
1093 2772 1202 2872 fuga,
1228 2799 1346 2872 quum
1366 2781 1448 2848 tam

261 2895 262 2898 ’
326 2909 444 2984 parvo
470 2887 590 2985 spatio
617 2885 799 2960 distarent
824 2885 870 2958 ab
897 2887 1011 2994 ipsis3
1037 2910 1186 2984 neque,
1216 2885 1290 2960 illis
1329 2888 1450 2960 inmi-

327 3219 331 3227 ·
359 3201 476 3254 exclusis.
493 3197 544 3254 Eas
562 3197 757 3271 psalmodiis,
787 3217 852 3271 qaas

325 3270 382 3341 ipse
400 3279 493 3330 tenet,
511 3268 631 3321 obductis
648 3267 772 3338 operibus
790 3267 853 3320 sub·

326 3339 452 3390 terraneis
464 3335 578 3388 excludit
595 3345 622 3388 d
639 3345 742 3405 separat
759 3335 792 3386 ab
807 3333 853 3388 illa

324 3415 421 3475 parte,
442 3405 471 3454 in
495 3423 545 3473 qua
570 3404 665 3456 Caesar
689 3411 750 3463 est,
776 3421 809 3454 ue
837 3419 852 3452 e

346 3480 400 3522 arte
422 3470 584 3539 Ganymedis
603 3489 670 3540 aqua
691 3488 737 3540 per
760 3485 852 3538 specus

324 3491 391 3590 duat
403 3541 432 3588 iu
443 3547 544 3607 partem
561 3531 686 3589 Caesaris.
704 3537 749 3588 sic
764 3535 852 3605 paullo

249 3645 252 3652 .
325 3615 387 3657 ante
411 3623 434 3656 c.
463 3617 614 3672 1,partem
629 3605 852 3672 unamkoperibus

325 3673 457 3724 excludere
474 3673 505 3722 ab
522 3672 586 3720 alia.
607 3671 650 3722 M.

358 3761 375 3793 a
394 3757 453 3790 uam
480 3742 619 3808 exprimit,
650 3737 706 3790 scil.
735 3739 797 3790 inde
817 3736 851 3788 ab

325 3759 454 3866 coiaco,
485 3805 531 3858 ubi
554 3823 633 3874 opera
651 3805 799 3858 obduxerat
822 3807 851 3866 iu

325 3875 466 3947 specubus.
496 3874 541 3928 Sic
569 3874 642 3943 prior
670 3893 729 3942 pars
757 3891 851 3942 specus

320 3961 421 4014 aquam
438 3941 593 4011 deputatam
611 3940 706 4002 habet,
723 3942 851 4012 posterior

325 4029 395 4062 nunc
412 4010 529 4080 repletur
546 4011 646 4060 marina
665 4010 778 4078 impura.
807 4006 850 4068 M.

358 4079 419 4128 locis
446 4079 618 4147 superioribus
652 4075 745 4138 rirbis,
786 4093 850 4146 quae

325 4145 447 4213 propiora
466 4147 532 4195 mari
549 4154 632 4196 eraut.
649 4146 692 4196 M.

359 4211 507 4280 interiores,
526 4211 625 4264 incolae
643 4213 778 4264 inferioris
795 4230 851 4286 par·

325 4279 360 4330 tis
377 4276 458 4330 urbis.
477 4279 519 4330 M.

323 4411 335 4467 l
356 4349 465 4466 ῃνορῇν
481 4345 599 4406 Caesari,
622 4345 651 4398 iu
669 4345 852 4416 superioribus

336 4430 397 4466 acts.
450 4447 458 4465 .

954 3219 1039 3253 casum
1054 3203 1170 3272 periculi.
1199 3199 1244 3256 Sic
1261 3200 1338 3256 codd.
1364 3201 1452 3275 Vulgo

921 3271 1057 3322 omittitur
1068 3271 1183 3340 pertoldi.

953 3377 1016 3440 quin
1034 3376 1095 3444 (qai
1112 3391 1185 3436 nou,
1204 3375 1359 3444 quianon,
1377 3374 1452 3445 qnod

919 3445 992 3514 noni)
1010 3442 1254 3494 academicus.
1283 3442 1350 3512 Ergo
1368 3444 1387 3494 ii
1404 3443 1451 3494 di-

919 3517 984 3558 cnnt
1013 3526 1073 3560 enm
1101 3511 1213 3568 morari,
1250 3513 1297 3580 qni
1326 3519 1451 3564 accusant

919 3575 976 3626 eius
992 3578 1195 3629 cunctationem.
1205 3578 1251 3647 pM.

950 3687 1064 3752 gravius.
1087 3683 1132 3736 Sic
1155 3683 1231 3738 codd.
1255 3695 1282 3736 et
1305 3685 1363 3738 edd.
1380 3695 1449 3737 vctt.

919 3747 1002 3801 hene:
1028 3760 1056 3802 et
1073 3749 1151 3803 huius
1169 3752 1312 3822 explicatio
1329 3763 1369 3805 est
1385 3753 1451 3804 vul·-

953 3828 997 3879 to,
1016 3822 1166 3888 gravior-ent
1187 3839 1278 3870 casam.
1303 3822 1341 3870 M.
1362 3821 1451 3872 Intel—

909 3886 1009 4024 sigitur
1035 3897 1110 3937 casus
1137 3887 1182 3938 ille
1193 3921 1203 3953 ,
1232 3905 1327 3957 aquam
1351 3888 1453 3938 salsam

930 3967 1022 4005 actam.

952 4047 1151 4102 Alexandrinis.
1180 4051 1224 4104 Sic
1241 4049 1317 4103 codd.
1336 4059 1363 4101 et
1386 4049 1452 4103 edd.

919 4123 985 4167 vett.
1009 4136 1056 4187 pro
1074 4135 1127 4186 qno
1143 4118 1219 4171 vulo
1242 4117 1452 4170 Alexandrinos.

919 4185 963 4236 cf.
991 4195 1019 4235 et
1047 4184 1137 4257 Nepos
1200 4185 1254 4240 cib.
1278 4191 1301 4238 5.
1331 4184 1452 4254 Quidam

918 4253 1103 4306 Alexandrini.

920 4426 932 4466 t
953 4365 1031 4414 qaam
1048 4359 1102 4400 tam
1119 4365 1213 4416 parvo.
1252 4343 1308 4398 alti
1324 4361 1401 4414 quum
1420 4343 1453 4395 bt

933 4451 939 4466 .
954 4432 983 4487 p.
1138 4441 1145 4446 ·
