3044 5316
371 297 461 410 ¹cns.
495 349 588 412 cnr.
627 307 799 454 Spu-bo.¹
964 415 967 422 Δ
1093 301 1155 406 53.

42 551 115 640 dis,
141 549 357 652 Longinum
383 575 461 624 esse
486 553 524 626 in
550 551 652 641 odio;
679 555 862 654 neque‘se
892 559 1154 644 conventum,

42 689 163 763 neque
184 669 237 740 M.
262 667 481 742 Marcellum
509 676 641 746 contra
667 669 1023 744 Caesaria'caussa'm
1049 689 1154 766 posse

42 784 266 879 perducere3
297 789 434 857 nomen
467 781 633 882 Pompeii
659 807 707 859 ex
742 785 857 860 scutis
889 785 1154 874 detraxerunt,

42 899 286 990 Marcellum,
299 903 361 998 qui
381 925 418 974 sc
434 900 599 974 Caesaris
620 925 790 975 caussam
808 897 1044 982 defensurum
1061 925 1153 1000 pro-

41 1010 241 1104 fitebatur,
264 1017 408 1089 Ducem
436 1015 696 1100 adsciverunt,
724 1015 1012 1116 Praetoremqoe
1032 1013 1155 1116 adpel-

40 1121 168 1200 laront
194 1135 235 1200 et
258 1135 489 1204 conventum
514 1129 583 1204 sibi
610 1131 861 1204 adiunxerunt
887 1139 1085 1228 castraque
1106 1127 1153 1202 ad

42 1237 255 1316 Cordubam
283 1251 501 1343 posuerunt.
525 1245 742 1320 Cassios-eo
767 1242 1154 1340 bidpocirciterqua·

22 1357 126 1428 tuor
144 1357 250 1432 milia
269 1383 443 1458 passuum
462 1387 483 1434 a
498 1359 692 1449 Corduba,
710 1363 805 1434 c'itra
822 1347 960 1432 flumen
984 1357 1154 1450 Baetim,

44 1471 80 1542 in
96 1476 225 1573 oppidi
246 1466 569 1575 conspectu,loco
591 1473 737 1550 excelso
759 1475 849 1550 iacit
875 1479 1016 1561 castra3
1047 1471 1154 1548 liue-

41 1613 95 1661 ras
121 1591 173 1662 ad
198 1579 345 1691 Regem
369 1583 562 1692 Bogudem
589 1593 627 1666 in
653 1592 920 1664 Mauritaniam
945 1595 984 1665 et
1017 1591 1064 1664 ad
1099 1593 1152 1666 M.

40 1707 224 1806 Lepidum
250 1705 513 1784 proconsulem
538 1707 577 1783 in
596 1709 811 1810 Hispaniam
828 1707 1040 1784 citeriorem
1058 1713 1152 1786 mit·

41 1822 113 1911 tit,
160 1821 326 1916 subsidio
366 1823 434 1898 sibi
480 1823 766 1923 provinciaeque
815 1823 983 1898 Caesaris
1022 1847 1152 1898 caussa
1254 1903 1258 1914 ι

41 1941 319 2037 quamprimum
343 1941 499 2014 veniret.
548 1941 629 2038 lpse
647 1937 770 2012 hostili
795 1937 909 2012 modo
934 1939 1152 2014 Corduben·

41 2052 129 2124 sium
157 2055 441 2152 agrosuaseat,
469 2051 635 2128 aedificia
666 2053 842 2126 incendit.

84 2165 147 2240 60.
162 2168 280 2240 Cuius
306 2170 358 2241 rei
386 2169 623 2242 deformitate
649 2173 767 2266 atque
789 2165 1011 2266 indignitate
1033 2149 1152 2266 legio-

43 2301 120 2367 nes,
148 2279 247 2376 quae
263 2281 481 2365 Marcellum
501 2283 569 2356 sibi
594 2284 738 2390 Ducem
763 2285 957 2380 ceperant,
983 2278 1031 2352 ad
1063 2303 1151 2354 eum

44 2403 332 2485 concurrerunt,
347 2403 392 2470 ut
405 2395 571 2472 inaciem
592 2395 859 2483 educerentur,
872 2393 1047 2490 priusque
1061 2415 1150 2464 con-

44 2503 187 2607 fligendi
201 2511 452 2610 sibipotestas
465 2511 589 2602 fieret,
602 2534 715 2609 quam
730 2533 817 2582 com
831 2513 938 2582 tanta
953 2513 1150 2580 contume-

44 2617 84 2690 lia
100 2621 352 2700 nobilissimae
373 2629 657 2724 carissinraeque
671 2623 915 2724 possessiones
931 2619 1149 2694 Corduben·

43 2737 129 2809 sium
145 2739 189 2811 in
203 2747 410 2840 ‘conspectu
424 2765 493 2816 suo
505 2743 666 2844 rapinis,
694 2741 793 2814 ferro
815 2737 1038 2835 flammaque
1059 2761 1149 2812 con·

44 2863 287 2930 sumerentur.
311 2855 531 2950 Marcellos,
548 2873 665 2958 quum
681 2855 877 2956 confligere
898 2857 1148 2930 miserrimum

44 2977 209 3065 potaret,
241 2973 346 3070 quod
372 2979 410 3048 et
436 2976 593 3050 victoris
620 2979 658 3047 et
683 2973 774 3046 victi
802 2973 1069 3046 detrimentum
1100 2971 1149 3048 ad

44 3088 213 3161 eumdem
239 3089 436 3170 Caesarem
463 3099 559 3167 esset
583 3081 898 3177 redundaturum,
916 3113 1038 3188 neque
1055 3113 1145 3164 suae

43 3207 236 3299 potestatis
261 3230 359 3294 esse;
384 3207 565 3306 Legiones
591 3205 737 3280 Baetim
763 3205 992 3292 transducit,
1028 3211 1146 3300 atque
1185 3214 1191 3231 '

42 3325 152 3398 aciem
182 3325 346 3420 bistroit.
373 3327 498 3418 Quum
513 3323 682 3399 Cassium
698 3327 828 3427 contra
843 3322 998 3420 proauis
1013 3321 1148 3396 castris

42 3439 149 3512 aciem
181 3441 400 3514 instruxisse
425 3437 509 3514 loco
536 3441 723 3538 superiore
749 3435 918 3524 videret,
936 3437 1066 3542 caussa
1092 3435 1148 3506 in·

43 3557 241 3653 terposita,
268 3555 368 3654 qnod
386 3557 419 3628 is
436 3556 475 3628 in
493 3577 653 3654 aequum
674 3579 749 3628 non
765 3551 1019 3637 descenderet,
1046 3553 1147 3626 Mar·

43 3670 148 3746 cellos
176 3671 358 3746 militibus
383 3665 599 3770 persuadet,
625 3677 670 3744 ut
694 3695 732 3746 se
758 3672 797 3744 in
815 3669 1148 3768 castrorecipiant,

43 3782 166 3882 ltaque
194 3788 320 3884 copias
353 3785 530 3862 reducere
564 3787 699 3884 coepit.
756 3786 919 3874 Cassius,
946 3807 1020 3880 quo
1046 3783 1146 3854 bono
1179 3877 1184 3884 ι

72 3967 244 4021 adimerentur,
282 3941 423 4020 essehoc
450 3961 560 4020 verbum
623 3963 694 4018 maia
720 3963 815 4036 probat
829 3993 830 3998 =
845 3959 927 4044 luein.
956 3965 994 4017 sic
1022 3963 1095 4016 enim
1120 3965 1147 4018 ri
1172 3997 1176 4009 ι

46 4032 560 4172 sennensem
622 4041 928 4168 “tutatust
945 4093 991 4148 se
1007 4090 1069 4148 non
1087 4113 1142 4149 ms-

47 4164 69 4215 io
83 4168 159 4220 codd.
177 4167 256 4222 bonu
273 4177 366 4222 exsut.
383 4167 426 4220 Μ.
622 4163 712 4220 hores:
730 4175 772 4220 est
788 4183 847 4284 ετῇο
863 4163 1051 4241 bouumpquo
1068 4163 1148 4228 valet,

132 4247 134 4252 ’
239 4245 242 4252 ’
350 4246 352 4250 ’
622 4233 765 4302 equitatus.
784 4233 816 4284 Se
852 4225 1150 4297 codd,ab1,quobena

50 4314 208 4424 stadt·
221 4297 561 4439 eii''sai‘⁸.„⁵i³¹',iii
621 4297 1148 4425 titttetdttttt‘sssuut‘a
