2998 5320
456 375 725 445 nunculium.
1041 369 1129 470 241

52 583 134 664 enim
159 545 268 682 sunt,
293 589 405 679 recti,
432 594 470 670 et
495 589 666 676 venusti,
689 588 788 664 omni
809 593 944 665 ornatu
962 591 1139 666 orationis
1200 633 1201 636 π

53 713 227 802 tamquam
254 709 358 777 veste
385 703 566 780 detracta.
606 704 699 796 sed,
717 706 805 780 dum
827 704 1052 778 voluitalios
1071 707 1140 777 ha

50 822 122 894 bere
154 827 307 920 parata,
339 821 438 894 unde
473 823 677 910 sumerent,
711 823 774 919 qui
807 820 945 896 vellent
978 820 1138 895 scribere
1224 821 1230 838 '

50 939 224 1012 historiam
233 921 394 1038 ,ineptis
421 943 571 1040 gratum
598 937 754 1012 fortasse
780 930 886 1028 iecit,
912 939 976 1036 qui
1002 923 1138 1019 volunt
1244 951 1246 956 '
1365 985 1367 992 κ

19 1048 98 1128 'illa
111 1054 350 1130 calamistris
340 1077 504 1144 morere,
524 1078 631 1126 sanos
650 1052 799 1152 quidem
818 1055 985 1129 hommes
1002 1080 1025 1128 a
1050 1053 1139 1128 scri·

19 1086 152 1256 libendo
180 1170 379 1260 deterruit,
405 1175 477 1242 etc.
510 1161 573 1241 Ea
599 1165 714 1242 Cic.
697 1194 736 1241 m
762 1165 878 1242 Bruto
897 1195 930 1244 r·
957 1173 1004 1262 74
1033 1192 1088 1268 sq.
1179 1157 1182 1164 ⁴

87 1359 205 1460 Quid?
249 1367 452 1443 Oratorum
487 1381 597 1462 quem
632 1362 719 1436 huic
754 1367 955 1460 antepones
988 1357 1140 1452 eorum,

52 1485 100 1581 qui
123 1484 213 1558 nihil
240 1483 339 1558 aliud
366 1479 544 1582 egerunt?
569 1481 661 1573 Quis
679 1479 869 1554 sententiis
889 1485 955 1552 aut
974 1480 1140 1574 acutior,

20 1618 23 1691 j
52 1607 101 1675 aut
123 1595 314 1676 crebrior?
352 1595 443 1690 Quis
471 1597 592 1670 verbis
610 1603 677 1669 aut
694 1597 881 1682 ornatior,
907 1598 973 1671 aut
990 1595 1138 1698 elegan.
1234 1615 1237 1624 ·

19 1702 23 1838 ᾖ
54 1713 128 1790 tior?
166 1709 231 1790 Es
257 1716 331 1790 cic.
352 1713 406 1845 ¹od
419 1702 511 1784 Cor.
536 1707 665 1812 Nepot.
689 1706 782 1785 Suet.
806 1734 839 1798 o·
866 1705 929 1788 55.

87 1915 151 1988 Sed
185 1916 280 1988 bene
304 1906 476 2011 loquendi
505 1909 549 1983 de
575 1907 717 1984 Catulis
744 1911 868 2009 opinio
894 1935 969 1984 non
995 1909 1139 2001 minor3

52 2025 108 2100 sale
132 2053 224 2102 vero
250 2035 289 2102 et
314 2027 456 2101 facetiis
490 2025 625 2098 Caesar
651 2025 743 2100 vicit
767 2018 907 2098 omnes.
940 2019 1030 2098 'Eo-
1062 2025 1139 2102 Cic.

50 2139 187 2235 dcoffin
221 2167 254 2228 1,
280 2139 341 2234 37.

87 2330 247 2428 Reliquit
274 2337 312 2404 et
335 2353 461 2402 rerum
487 2351 638 2423 suanam
670 2310 987 2412 Commentariosf
1003 2325 1139 2428 Gallici

54 2444 225 2548 civilisque
250 2441 335 2518 betti
362 2441 588 2544 Pompeiani.
639 2445 735 2517 Nam
764 2442 1017 2536 Alexandrini,
1043 2446 1140 2518 Afri·
1207 2451 1211 2474 ¹
1286 2427 1296 2438 ”

21 2583 22 2594 ’
54 2557 137 2654 cique
161 2565 201 2632 et
227 2561 474 2659 Hispaniensis
501 2563 663 2633 incertus
689 2562 906 2632 auctorest.
948 2558 1021 2666 eplii
1041 2561 1140 2654 enim
1258 2557 1291 2644 *χ

54 2675 194 2772 Oppium
223 2685 383 2776 putant(
403 2676 461 2748 alii
482 2679 662 2766 Hirtium,
689 2677 751 2774 qui
770 2678 884 2749 etiam
902 2675 1033 2760 Gallici
1054 2673 1140 2750 belli

21 2791 995 2894 novissimuminperiectumquelibrumsubpleverit.
1010 2793 1138 2864 Paullo

21 2921 127 3049 port
168 2907 288 2980 Pollio
328 2909 476 2980 Asinius
513 2929 645 3004 parum
680 2903 893 3007 diligenter,
933 2931 1140 3004 parumque
1264 2992 1267 3000 ,

21 2995 174 3124 lintegra
210 3026 369 3098 veritate
409 3024 636 3121 compositos
664 3028 824 3120 putat,
849 3041 966 3120 quum
1006 3023 1141 3099 Caesar

21 3054 27 3228 l
54 3133 204 3234 pleraque
231 3145 270 3210 et
296 3162 390 3234 quae
417 3159 482 3234 per
507 3137 597 3210 alios
622 3143 728 3210 erant
753 3145 874 3242 gesta,
901 3144 1041 3210 temere
1060 3161 1140 3210 cre-

21 3247 25 3296 i
55 3247 186 3339 diderit,
222 3258 260 3325 et
295 3276 389 3349 quae
425 3277 491 3351 per
522 3273 584 3360 oe,
616 3249 675 3323 vel
710 3252 902 3336 consulto,
938 3247 998 3322 vel
1024 3252 1140 3322 etiam

55 3367 212 3438 memoria
229 3365 370 3464 lapsus,
396 3391 589 3466 perperam
608 3364 784 3452 ediderit,
801 3364 1064 3470 existimatque
1083 3388 1140 3434 re·

56 3481 260 3578 scripturum
279 3490 318 3558 et
336 3491 593 3563 correcturum
611 3483 732 3556 fuisse.
776 3477 836 3560 Es
853 3478 946 3585 Soet.
969 3485 1008 3554 in
1030 3481 1134 3556 Caesa
1296 3513 1305 3534 ν

54 3617 78 3664 c.
99 3597 151 3670 56.

93 3787 128 3858 G.
152 3811 243 3862 vero
269 3785 404 3863 Caesar
421 3789 449 3860 si
469 3794 617 3862 tantum
637 3783 718 3861 foro
736 3793 924 3879 vacasset,
950 3811 1024 3860 non
1049 3787 1140 3862 alius
1188 3798 1191 3802 '

57 3920 92 3970 ex
113 3907 242 3978 nostris
268 3915 399 3978 contra
426 3907 641 3978 Ciceronem
669 3910 943 3991 nominaretur3
975 3907 1163 3979 tanta‘in·

20 3999 91 4101 iro
114 4019 164 4088 vis
188 4025 267 4108 est,
291 4021 331 4090 id
351 4040 537 4108 acumen,
563 4045 604 4091 ea
632 4021 856 4108 concitatio,
884 4029 925 4091 ut
950 4015 1053 4090 illum
1081 4004 1140 4091 eo·

17 4120 126 4195 dem
144 4153 266 4202 ammo
285 4133 437 4219 drxrsse
464 4157 543 4263 quo
559 4133 739 4222 bellavit,
763 4135 965 4230 adpareat,
962 4117 1141 4208 exornat

21 4239 164 4312 tamen
198 4243 288 4316 haec
323 4249 447 4318 omnia
481 4249 573 4318 mira
614 4249 810 4333 sermonis,
850 4247 955 4317 cuius
994 4249 1141 4376 proprie

20 4357 222 4433 studiosus
247 4359 340 4451 fuit,
380 4361 572 4459 elegantia.
632 4362 697 4432 Ex
719 4362 865 4462 Quintil.
896 4387 960 4451 10,
991 4367 1168 4452 1,114·,

142 4487 291 4566 cassus
317 4492 511 4566 Commeat.
537 4495 643 4564 Tom.
660 4490 704 4565 ΙΙ
911 4495 946 4566 Η
965 4493 1050 4565 n
