3030 5318
213 439 220 446 ‘
335 416 422 478 112
522 417 560 477 A.
596 414 734 478 Hlll'l'll
770 416 825 478 DE
860 415 996 477 uento
1025 416 1247 481 ,teutuado

325 599 449 706 lexit3
482 615 658 694 dextrum
696 617 963 718 sinistrumque
989 642 1136 707 corno,
1163 615 1446 718 ubielepbanti

323 741 452 818 crant,
471 733 509 806 i'n
529 739 735 840 conspeetu
752 736 895 839 patenti
914 735 1218 808 adversariorum
1234 735 1447 808 constitnit.
1498 791 1499 796 ,

379 856 441 942 42.
466 852 595 944 Quum
629 851 706 924 iam
744 875 860 952 prope
897 849 984 924 solis
1009 868 1189 926 occasum
1214 851 1353 924 Caesar
1378 875 1449 924 ex-

325 969 593 1070 spectavisset,
629 991 750 1068 neque
781 989 833 1041 ex'
863 991 909 1042 eo
942 965 1055 1059 loco,
1087 992 1163 1067 quo
1187 969 1447 1072 &constiteram
1498 1037 1499 1048 ,

327 1089 538 1188 Scipionem
566 1085 739 1186 progredi
771 1085 925 1185 propius
951 1109 990 1158 se
1017 1066 1368 1174 animaduertissem
1395 1086 1450 1159 ln-

327 1227 448 1302 coque
475 1203 593 1302 magis
618 1227 657 1276 se
683 1199 899 1290 defendere,
918 1203 948 1274 si
966 1225 1024 1279 res
1042 1201 1245 1300 ou’e'gisset,
1271 1225 1385 1299 quarn
1403 1203 1444 1274 in

328 1344 462 1422 campo
496 1321 708 1394 cornminus
744 1320 948 1394 consistere
986 1317 1152 1403 audere;
1179 1343 1254 1392 non
1281 1325 1338 1392 est
1365 1320 1448 1394 visa

327 1437 425 1511 ratio
452 1435 605 1536 propius
623 1433 825 1508 accedendi
846 1458 890 1507 eo
911 1433 969 1506 die
984 1433 1031 1508 ad
1050 1432 1250 1532 oppidum,
1269 1436 1450 1529 quoniam

211 1625 213 1631 .
327 1551 379 1626 ibi
399 1550 621 1652 praesidium
640 1549 778 1651 grande
804 1548 1056 1624 Numidarum
1084 1573 1162 1621 esse
1188 1553 1445 1644 cognoverat,

328 1669 529 1768 hostesque
554 1669 717 1744 mediam
745 1668 863 1742 aciem
891 1692 998 1741 suain
1025 1666 1162 1768 oppido
1181 1667 1338 1752 texisse;
1356 1668 1450 1740 sibi·
1498 1721 1499 1724 ,

330 1813 402 1888 que
421 1781 696 1862 difficile'factu
722 1811 800 1860 esse
826 1785 1031 1875 intellexit,
1058 1783 1169 1858 simul
1195 1791 1235 1857 et
1261 1785 1444 1882 oppidum

330 1925 407 1977 uno
432 1908 602 2000 tempore
629 1900 867 2001 obpugnare,
883 1907 923 1974 et
940 1901 978 1972 in
1002 1900 1081 1974 acie
1107 1901 1147 1972 in
1173 1923 1291 1972 cornu
1311 1899 1447 1972 dextro

332 2041 377 2090 ac
413 2003 566 2090 sinistro
599 2039 647 2089 ex
679 2018 863 2113 iniquiore
890 2015 974 2089 loco
1003 2039 1193 2116 pugnare,
1231 2015 1450 2114 praesertim

331 2245 540 2352 defatigati.
593 2249 725 2346 ltaque
752 2246 916 2321 reductis
957 2247 1032 2319 suis
1070 2244 1187 2344 copiis
1222 2243 1260 2317 in
1299 2252 1453 2332 castra,

332 2374 485 2470 postero
517 2365 577 2439 die
611 2366 764 2466 propius
789 2387 920 2438 eorum
948 2367 1067 2440 aciem
1090 2364 1258 2438 instituit
1284 2363 1452 2462 exporri-

331 2503 419 2582 gere
447 2482 686 2555 munitiones.
776 2549 778 2554 Α
894 2487 899 2493 “
1095 2495 1097 2504 ⁴
1363 2565 1364 2570 η

382 2599 445 2689 43.
471 2599 626 2672 Interim
653 2595 870 2684 Considius,
897 2596 960 2694 qui
990 2593 1173 2670 Achillam
1201 2595 1290 2670 octo
1317 2596 1453 2670 cohor*

330 2713 433 2787 tibus
469 2703 718 2812 stipendiariis
746 2711 931 2784 'Numidis
958 2709 1203 2808 Gaetulisque
1229 2709 1452 2804 obsidebat,

330 2827 396 2900 ubi
416 2827 460 2901 C.
476 2813 633 2901 Messius
660 2828 881 2902 cohortibus
909 2831 1095 2924 praeerat,
1121 2826 1186 2898 diu
1212 2823 1455 2922 multumque

332 2952 537 3044 expertus,
563 2943 783 3044 magnisque
809 2945 983 3041 operibus
1010 2966 1119 3042 saepe
1145 2944 1332 3056 admotis,
1350 2951 1388 3019 et
1409 2945 1455 3018 iis

332 3061 380 3134 ab
400 3059 594 3160 oppidanis
611 3061 791 3148 incensis,
818 3083 935 3157 quum
963 3059 1162 3158 proliceret
1188 3055 1302 3147 nibil,
1328 3058 1457 3131 subito

264 3245 265 3250 ,
332 3177 473 3248 nuncio
501 3173 547 3248 de
574 3172 905 3274 equestriproelio
941 3175 1067 3250 adlato
1103 3167 1343 3262 commotus,
1376 3172 1456 3246 fru-

331 3298 488 3386 mento,
508 3295 622 3370 euius
646 3283 685 3370 in
713 3285 844 3370 castris
871 3295 1020 3394 copiam
1046 3293 1250 3383 habuerat,
1277 3291 1454 3377 incenso,

334 3593 404 3646 etius
416 3631 424 3656 ‚
451 3537 570 3644 litteraria
588 3599 706 3651 mutata,
736 3589 861 3644 Oudcud.

335 3667 358 3712 is
375 3679 404 3711 co
422 3657 487 3710 loco.
505 3659 550 3714 Sic
566 3659 664 3710 vitium
683 3675 739 3708 raon
759 3655 862 3718 Hirtii,

335 3729 380 3780 sed
390 3727 560 3780 librariorum
572 3743 627 3778 asse
638 3723 744 3778 videtur
752 3734 779 3776 et
790 3724 861 3778 locus

335 3798 386 3849 erit
402 3805 518 3851 muntiis.

301 3901 308 3910 ‘
367 3906 476 3971 patenti.
497 3901 567 3956 Haec
583 3919 635 3974 qux
650 3904 682 3956 in
699 3870 862 3974 quibusdam

335 3970 413 4024 codd.
431 3969 513 4022 deest·
839 3989 841 3994 '

368 4077 397 4134 in
420 4101 507 4134 cornu.
530 4079 587 4133 alii
608 4099 697 4134 cornu.
722 4079 787 4134 Mox
814 4098 862 4153 pro

335 4167 374 4230 5².
388 4151 518 4220 iniquiore
533 4149 580 4204 alii
597 4161 624 4202 ct
640 4153 705 4220 iniq.
719 4149 765 4204 'vel
781 4161 807 4202 et
829 4169 863 4201 ex

335 4233 400 4284 ιηιᾳ.
855 4241 856 4246 =

239 4332 270 4395 ¹,
371 4317 515 4390 Considiusi
529 4357 555 4391 ve.
584 4338 627 4394 33.
651 4339 727 4393 unde‘
739 4337 863 4410 patebit,

235 4460 238 4466 ,
336 4403 416 4474 vulgo
433 4403 501 4456 male
518 4403 591 4472 legi,
612 4407 746 4458 Achillam
763 4419 788 4457 ot
806 4419 863 4456 octo

222 4502 226 4512 ·
337 4472 456 4524 cobortes
468 4474 658 4540 stipendiarias.
669 4475 718 4527 M.
735 4473 864 4528 Courcait

928 3591 1018 3646 Daris.
1036 3611 1050 3646 c
1067 3587 1143 3646 codd.
1160 3591 1242 3648 turia.
1259 3551 1337 3664 pour
1353 3589 1408 3664 leg,
1418 3607 1458 3648 eo·

928 3659 1044 3712 hortibus
1061 3673 1086 3711 et
1105 3659 1288 3731 stipendiariis.

962 3797 1004 3848 ubi
1016 3796 1047 3849 C.
1059 3797 1167 3849 Messius
1177 3797 1233 3852 colt-
1244 3809 1375 3866 praeerat.
1393 3797 1458 3866 Legi

928 3865 970 3944 ubi
988 3861 1017 3916 O.
1036 3865 1149 3944 Messius
1163 3875 1293 3933 praeerat.
1313 3861 1457 3944 Quidquid

929 3930 971 3984 lus
989 3951 1017 3984 ln
1036 3932 1111 3986 codd·
1129 3932 1235 3987 additur
1245 3968 1255 3998 ,
1276 3941 1316 3984 est
1333 3941 1457 4004 interpo-

920 3999 1014 4052 latior
1042 3999 1147 4052 additur
1171 4009 1261 4055 autem
1279 3999 1337 4060 sie.
1366 4008 1397 4051 ut
1414 3999 1458 4054 vel
1498 4031 1499 4038 κ

925 4068 971 4119 udi
996 4068 1025 4120 C.
1056 4069 1097 4118 Μ.
1114 4067 1259 4120 codor-tibus
1274 4085 1335 4134 pra,
1356 4067 1398 4118 vel
1415 4069 1458 4120 udi

929 4135 961 4189 C·
992 4136 1034 4186 M.
1056 4147 1135 4206 parre
1164 4133 1458 4205 Caesariscobnrtibur

926 4215 1049 4274 praeerat
1070 4206 1200 4270 praesidio
1225 4207 1323 4266 priscis,
1350 4201 1391 4253 vel
1416 4203 1461 4256 ubi

902 4293 906 4302 ⁴
929 4273 962 4324 C.
988 4271 1096 4323 Messius
1116 4276 1160 4338 qui
1175 4271 1232 4324 nult.
1247 4281 1390 4339 praeerat,
1420 4269 1457 4322 le·

928 4345 1010 4408 gatar.
1040 4338 1213 4409 comparetur
1230 4338 1310 4390 modo
1325 4353 1383 4406 cap.
1402 4335 1456 4396 33.

929 4415 957 4457 ct
982 4405 1133 4474 adparcbit,
1162 4405 1207 4459 illa
1224 4423 1280 4458 esse
1296 4403 1457 4460 'adiumenta

929 4473 1165 4544 interpretantium
1181 4471 1344 4547 marginalia·
1360 4472 1405 4530 M·
