3044 5316
319 399 382 475 2'2
514 415 554 475 r.
590 413 729 474 umen
763 414 819 474 nu
854 375 990 474 succo
1029 411 1248 478 ruuxauo.

316 636 449 686 eorum
475 610 600 686 studio
626 593 818 715 spec‘tandi
838 613 1050 705 ferebatur,
1079 639 1166 714 pars
1192 613 1306 704 etiam
1334 614 1440 714 cupi·

316 729 436 805 ditate
461 729 665 830 pugnandi.
709 731 758 804 Hi
785 731 948 831 primum
975 732 1125 834 navigia
1152 733 1318 806 hostium
1344 731 1438 832 lapi·
1468 821 1470 830 Α

315 843 424 918 dibus
450 872 495 920 ac
522 846 685 919 fundisa
708 845 807 920 mole
834 845 1064 946 repellebant
1093 871 1137 920 ac
1163 844 1327 918 multum
1354 869 1440 944 pro·

314 957 426 1036 ficere
440 959 682 1036 multitudine
701 961 862 1034 telorum
877 961 1114 1035 videbantur.
1129 959 1214 1049 Sed,
1232 965 1440 1058 postquam

313 1076 415 1151 ultra
449 1103 536 1152 eum
570 1077 723 1170 locum,
766 1078 813 1150 ab
849 1077 966 1152 latere
993 1101 1124 1151 eorum
1152 1083 1308 1175 aperto,
1352 1078 1437 1150 ausi

310 1198 401 1267 sunt
426 1190 551 1294 egredi
578 1215 625 1265 ex
651 1191 810 1266 navibus
836 1191 1077 1267 Alexandrini
1102 1193 1243 1292 pauei;
1282 1195 1328 1263 ut
1353 1191 1433 1263 sine

308 1309 423 1409 signis
453 1311 639 1408 certisque
665 1307 883 1401 ordinibus,
916 1311 994 1382 sine
1021 1309 1167 1382 ratione
1193 1306 1436 1407 prodierant,

309 1427 364 1499 ric
399 1431 540 1501 temere
566 1429 606 1499 in
635 1447 751 1499 naves
786 1425 957 1526 refugere
992 1430 1210 1526 coeperunt.
1262 1427 1436 1517 Quorum

305 1538 397 1639 luga
416 1539 564 1615 incitati
582 1539 821 1616 Alexandrini
848 1541 972 1640 plures
999 1561 1047 1614 ex
1073 1538 1232 1612 navibus
1259 1536 1431 1638 egredie-

305 1649 449 1726 bantur
474 1663 694 1754 nostrosque
722 1657 843 1729 acrius
870 1655 1109 1754 perturbatos
1125 1653 1430 1750 insequebantur.

309 1765 453 1858 Simul,
493 1771 557 1868 qui
590 1771 629 1842 in
656 1772 816 1844 navibus
851 1771 972 1872 longis
998 1775 1274 1857 remanserant,
1312 1765 1434 1841 scalas

304 1905 436 1984 rapere
462 1908 651 1986 navesque
677 1913 700 1960 a
726 1897 825 1962 terra
850 1885 1029 1985 repellere
1064 1884 1337 1986 properabant,
1379 1909 1433 1958 ne

304 1997 433 2074 hostes
448 2003 604 2077 navibus
619 2005 842 2102 potirentur.
870 2003 1016 2098 Quibus
1035 2004 1208 2077 omnibus
1222 2003 1333 2075 rebus
1349 2025 1436 2099 per-

309 2119 454 2192 turbati
466 2121 603 2195 milites
618 2123 735 2197 nostri
751 2125 965 2198 cohortium
981 2123 1117 2213 trium,
1145 2127 1239 2219 qnae
1257 2121 1295 2191 in
1313 2125 1431 2220 ponte

307 2257 352 2306 ac
372 2239 492 2334 prima
511 2239 609 2311 mole
629 2241 897 2328 constiterant,
925 2263 1042 2339 quum
1060 2245 1147 2340 post
1165 2261 1203 2311 se
1222 2235 1429 2312 clamorem

306 2349 546 2444 exaudirent,
581 2353 710 2454 lugam
735 2379 892 2428 suorum
918 2356 1112 2445 viderent,
1142 2365 1318 2455 magnam
1346 2353 1427 2426 vim

306 2465 472 2541 telorum
510 2470 655 2544 adversi
690 2475 940 2564 sustinerent,
977 2473 1109 2563 veriti,
1153 2481 1200 2543 n'e
1234 2469 1280 2543 ab
1317 2475 1425 2570 tergo

306 2583 672 2662 circumvenirentur
699 2577 738 2663 et
764 2591 926 2663 discessu
953 2591 1109 2664 navium
1129 2587 1281 2662 omnino
1300 2586 1427 2660 reditu

304 2698 667 2794 intercluderentur,
710 2707 959 2779 munitionem
991 2708 1030 2779 in
1064 2709 1180 2806 ponte
1212 2707 1426 2779 institutam

304 2813 539 2911 reliquerunt
564 2824 603 2890 et
628 2843 766 2918 magno
793 2843 906 2893 cursu
940 2817 1088 2894 incitati
1115 2819 1162 2893 ad
1194 2841 1306 2892 naves
1332 2815 1428 2893 con-

303 2929 531 3021 tenderunt3
576 2957 739 3036 quorum
764 2960 875 3036 pars,
917 2938 1107 3037 proximas
1138 2941 1251 3007 nacta
1278 2959 1427 3030 naveS,

260 3097 261 3102 ,
303 3047 547 3166 multitudine
565 3051 760 3126 hominum
778 3060 889 3150 atque
909 3079 1019 3127 onere
1039 3053 1211 3164 depressa
1228 3057 1309 3140 est,
1336 3079 1422 3152 pars

302 3164 480 3238 resistens
505 3172 544 3238 et
564 3166 759 3260 dubitans,
787 3168 877 3266 quid
895 3175 991 3242 esset
1012 3165 1235 3268 capiendum
1263 3168 1425 3260 consilii,

303 3280 351 3354 ab
390 3280 649 3357 Alexandrinis
687 3283 887 3360 interfecta
920 3291 1002 3372 est3
1048 3281 1217 3357 nonnulli
1258 3281 1423 3358 feliciore

303 3397 431 3490 exitu,
459 3403 649 3500 expeditas
676 3401 722 3476 ad
744 3419 924 3476 'ancoram
944 3425 1060 3475 naves
1079 3400 1292 3490 consecuti,
1316 3403 1422 3474 inco-

302 3511 426 3590 lumes
453 3515 722 3607 discesserunt3
749 3518 878 3616 pauci,
907 3517 1072 3592 adlevati
1090 3519 1205 3592 scutis
1232 3525 1271 3590 et
1297 3521 1423 3592 animo

302 3627 351 3705 ad
376 3629 588 3708 conandum
615 3633 714 3723 nixi,
745 3633 792 3705 ad
810 3635 982 3732 proxima
1007 3633 1158 3736 navigia
1177 3631 1422 3710 adnotarunt.

332 3919 428 3988 plures.
443 3918 502 3974 Hoc
512 3916 613 3971 addunt
628 3936 643 3972 c
658 3917 736 3972 codd.
747 3918 825 3974 Grut.
914 3942 941 3974 er
953 3941 1037 3983 mare,
1056 3940 1134 3992 super
1144 3923 1223 3976 scutis
1236 3929 1337 3975 natant.
1351 3919 1420 3992 Qui-

299 3983 390 4044 Davis.
407 3986 476 4044 oud.
636 4009 640 4016 ·
892 3940 955 4054 gam
972 3989 1048 4046 codd.
1068 3990 1195 4042 adlevatis
1210 3995 1302 4057 scotie.
1331 3991 1369 4064 itu
1387 4001 1421 4044 11²

333 4071 378 4136 q„-
393 4070 421 4116 ,·„
437 4068 548 4118 wibu,
566 4066 623 4120 κῃ,
640 4068 800 4122 memmi,
892 4055 1128 4138 interpretandum
1148 4066 1223 4141 scuta
1242 4056 1419 4136 adtollerent,

330 4167 416 4232 ..2
433 4165 471 4218 s
486 4165 543 4228 u.
661 4164 747 4241 u.
761 4187 824 4241 ..2-
891 4124 1419 4247 3{t“⁶1;2⁵.ttuf²‘n⁵f‘¹.ut⁰‘ue:

299 4239 359 4282 ‘em‘
568 4311 573 4323 ¹
890 4259 1018 4314 Naturales
1035 4269 1192 4332 scutasnpra
1208 4267 1286 4330 caput
1303 4261 1421 4314 tonuisse

333 4307 369 4356 ad
392 4327 522 4364 mmm·
545 4309 590 4366 3²0
617 4322 644 4366 θῑ
671 4313 707 4368 G·
736 4321 774 4378 5,
798 4333 822 4382 9·
891 4326 991 4380 milites
1012 4329 1152 4386 Romanos.
1171 4331 1233 4381 satis
1250 4335 1345 4379 notum
1362 4335 1417 4390 ost,

298 4369 386 4442 ¹Vulgo
403 4395 520 4472 ancoras.
803 4461 808 4472 .
891 4411 945 4464 quo
968 4414 995 4446 se
1017 4405 1109 4451 contra
1130 4395 1242 4452 telorum
1263 4397 1331 4448 ictus
1353 4413 1418 4465 pro-

331 4456 543 4540 adlevaetprculcs,
562 4469 823 4530 portanturnscutrs
890 4469 1014 4532 tegetem.
