3044 5316
431 367 514 428 uus.
549 367 643 430 car.
685 350 856 454 rr-14.
1055 325 1078 364 ²
1148 331 1202 458 175

79 561 218 640 fiducia
236 569 391 640 ‘veteres
427 565 581 645 reficere
621 593 762 660 naves,
796 565 1087 668 adcuratiusque
1114 563 1207 658 buis
1255 639 1258 646 .

78 685 129 756 rei
151 683 303 758 studere
321 691 435 783 atque
460 686 639 760 inservire
665 689 931 760 instituerunt:
959 711 1021 776 ac,
1046 685 1201 762 tametsi

77 796 241 895 amplius
274 798 341 872 CX
379 800 540 874 navibus
573 800 694 902 longis
719 802 757 875 in
784 807 898 900 portu
925 800 1200 898 navalibusque
1244 861 1246 866 ,

75 913 306 1004 amiserant,
334 939 410 986 non
437 921 566 990 tamen
592 917 820 1015 reparandae
848 916 974 1005 classis
998 919 1205 1018 cogitatio-f

75 1051 166 1102 nem
193 1028 471 1128 deposuerunt:
499 1031 678 1106 videbant
695 1033 816 1121 enim,
833 1055 919 1122 ,non
946 1031 1084 1104 auxilia
1112 1031 1205 1106 Cae·

73 1147 164 1235 sari,
193 1171 270 1218 non
297 1154 533 1224 commeatus
551 1135 763 1250 subportari
783 1171 909 1248 posse,
934 1148 965 1224 si
992 1147 1110 1222 classe
1129 1148 1202 1248 ipsi

72 1261 257 1338 valerent.
283 1265 482 1338 Praeterea
501 1266 643 1340 nautici
670 1265 859 1358 homines,
886 1265 988 1340 urbis
1015 1272 1054 1340 et
1079 1267 1204 1366 regio-

71 1382 127 1454 nis
155 1382 409 1469 maritumae,
436 1381 730 1480 quotidianoque
755 1405 828 1454 usu
854 1407 876 1456 a
903 1384 1027 1482 pueris
1054 1384 1202 1458 exerci-

69 1499 170 1584 tati,
213 1497 261 1572 ad
299 1496 470 1572 naturale
496 1523 541 1571 ac
568 1496 818 1572 domesticum
854 1499 997 1576 bonum
1024 1502 1199 1602 refugere

71 1611 279 1712 cupiebant
314 1619 379 1702 et,
415 1618 600 1712 quantum
627 1601 793 1714 paruulis
819 1615 978 1716 navigiis
1019 1617 1204 1716 profecis-

70 1731 184 1816 sent,
211 1727 437 1802 sentiebant.
478 1729 610 1828 ltaque
636 1730 740 1806 omni
766 1728 892 1806 studio
918 1729 967 1804 ad
993 1731 1201 1832 parandam

73 1839 235 1914 classem
261 1841 529 1918 incubuerunt.

121 1953 185 2028 13.
212 1955 331 2028 Erant
364 1959 539 2032 omnibus
565 1960 669 2034 ostiis
695 1959 771 2036 Nili
802 1961 996 2038 custodiae
1023 1961 1201 2066 exigendi

69 2069 232 2166 portarii
259 2096 391 2144 caussa
418 2073 630 2174 dispositae.
695 2077 822 2152 Naves
848 2084 996 2152 veteres
1022 2082 1131 2154 erant
1156 2077 1198 2150 in

70 2181 237 2258 occultis
270 2185 410 2286 Regiae
437 2187 653 2281 navalibus,
686 2192 822 2290 quibus
853 2191 984 2268 multis
1010 2191 1116 2264 annis
1151 2188 1201 2262 ad

69 2298 330 2398 navigandum
364 2327 438 2376 non
473 2311 581 2380 erant
616 2307 687 2380 usi.
737 2308 816 2379 Has
847 2305 1085 2391 reficiebant,
1115 2301 1199 2376 illas

68 2415 342 2492 Alexandriam
366 2421 611 2496 revocabant.
671 2423 839 2496 Deerant
864 2422 980 2507 remi;
1007 2420 1195 2518 porticus,

68 2534 287 2634 gymnasia,
312 2535 480 2610 aedificia
514 2535 665 2637 publica
692 2535 940 2638 detegebant,
967 2559 1109 2610 asseres
1135 2560 1198 2610 re-

67 2675 224 2726 morum
250 2675 363 2724 usum
394 2653 635 2726 obtinebant:
664 2653 765 2726 aliud
798 2653 978 2728 naturalis
1004 2653 1195 2745 sollertia,

68 2763 173 2840 aliud
192 2767 294 2858 urbis
312 2767 421 2866 copia
439 2767 760 2842 subministrabat.
800 2771 997 2842 Postremo
1016 2793 1091 2841 non
1106 2767 1193 2840 lon-

66 2909 156 2984 gam
186 2883 470 2986 navigationem
494 2884 697 2984 parabant,
723 2885 787 2960 sed
813 2887 1018 2984 praesentis
1045 2891 1196 2985 tempo-

65 3002 117 3076 ris
143 3001 360 3076 necessitati
388 3001 604 3074 serviebant
622 3006 661 3074 et
686 3002 725 3074 in
744 3003 824 3100 ipso
851 3009 964 3102 portu
992 2999 1199 3104 confligen-

66 3119 160 3192 dum
181 3115 369 3192 videbant.
402 3120 536 3216 ltaque
556 3118 685 3216 paucis
703 3117 854 3207 diebus,
872 3125 1006 3192 contra
1025 3120 1196 3192 omnium

66 3237 305 3335 opinionem,
332 3233 587 3350 quadriremes
614 3233 707 3308 duas
732 3241 771 3308 et
788 3235 943 3334 viginti,
969 3235 1199 3332 quinquere-¹

64 3376 147 3424 mes
169 3350 334 3448 quinque
361 3349 617 3424 confecerunt.
671 3347 731 3424 Ad
751 3348 818 3422 has
835 3349 999 3422 minores
1025 3354 1196 3447 apertas-

64 3495 137 3567 que
160 3465 374 3564 complures
401 3465 619 3542 adiecerunt
638 3471 698 3556 et,
721 3466 759 3538 in
780 3471 894 3564 portu
912 3463 1114 3564 periclitati
1134 3489 1197 3538 re-

63 3584 207 3687 migio,
233 3563 521 3680 quid'quaeque
548 3605 678 3656 earum
703 3579 851 3656 efficere
877 3588 1025 3681 posset,
1042 3583 1197 3660 idoneos

95 3813 205 3864 naum.
216 3809 273 3862 Hoc
285 3817 353 3880 puto
364 3807 524 3872 dolendum
536 3829 599 3862 nam

62 3876 190 3930 homines
220 3876 292 3929 urbis
319 3886 347 3929 et
370 3896 421 3947 reg.
442 3880 599 3931 maritumae

62 3954 128 3997 sunt
162 3963 216 3998 uno
243 3943 324 3996 verbo
350 3951 500 4008 maritumi,
531 3957 558 4000 et
583 3963 599 3995 a

61 4014 156 4081 pueris
184 4013 320 4066 exercitati
348 4021 411 4066 suut
436 4033 490 4066 uno
517 4011 598 4067 verbo

59 4083 182 4140 naarai,
207 4079 279 4148 quod
305 4078 417 4132 verbum
443 4082 539 4152 aliquis
569 4081 598 4132 in

61 4147 184 4216 margine
211 4145 363 4216 explicandi
381 4167 469 4202 caussa
487 4148 599 4202 addide-

60 4223 109 4266 rat.
148 4214 194 4267 sic
211 4231 234 4264 c.
255 4217 283 4264 16
302 4220 435 4266 maritumi
454 4221 598 4285 mutuique

61 4281 195 4334 dicuutur
211 4282 374 4334 coniunctim
391 4291 418 4335 et
435 4283 493 4336 sine
510 4283 598 4352 expli-

61 4353 180 4413 cationes
192 4346 311 4400 hocloco
324 4349 486 4420 periphrasis
503 4349 598 4404 horum

63 4413 209 4471 verborum
224 4422 275 4470 est.
292 4417 332 4467 M.

699 3809 798 3860 amm.
808 3807 864 3861 Hoc
871 3828 885 3862 o
892 3807 970 3862 codd.
979 3809 1053 3862 dedit
1060 3807 1197 3862 Victor.V.

665 3873 698 3928 1..
710 3893 748 3936 ro,
760 3886 800 3942 24.
809 3884 938 3946 notatque
946 3876 1093 3944 significare
1101 3876 1197 3926 dotem.

661 3981 665 3993 .
699 3944 813 3996 omnibus
825 3947 897 3996 ostiis
909 3943 976 3998 Nili.
988 3943 1072 3996 Codd.
1085 3941 1197 4012 quidam

666 4018 694 4062 at
710 4009 770 4064 edd.
789 4018 853 4062 vett.
871 4014 899 4062 in
915 4011 1028 4062 omnibus
1046 4013 1119 4061 ostiis
1133 4026 1197 4078 por·

666 4090 737 4130 tuum
758 4076 827 4132 Nili.
848 4079 892 4132 sic
912 4077 1005 4130 Livius
1022 4077 1077 4138 3⁵,
1099 4077 1140 4144 39.
1160 4077 1197 4129 acl

666 4151 759 4197 ostium
773 4157 872 4212 porrus.
890 4143 936 4196 ubi
954 4142 1008 4197 vid.
1026 4143 1144 4198 Gronov.

697 4213 794 4282 Regiae
817 4213 959 4262 navalibus.
985 4209 1041 4264 vid.
1058 4210 1091 4263 dc
1109 4210 1137 4264 B.
1162 4209 1195 4264 C.

664 4275 699 4336 3.
726 4296 781 4330 rra.
806 4281 844 4331 M.
867 4279 929 4330 Non
946 4297 1012 4348 opus
1029 4287 1070 4332 est
1091 4277 1195 4345 legera,

664 4355 697 4398 ut
714 4349 742 4400 in
760 4346 820 4400 edd.
839 4357 903 4398 vett.
921 4351 1032 4417 regionis
1051 4346 1195 4414 novalibus,
1270 4373 1273 4382 ‹

664 4413 728 4479 rel,
744 4424 775 4468 ut
791 4414 858 4471 velit
873 4413 963 4470 Daris.
981 4415 1055 4486 Regis
1072 4431 1132 4486 aaa.
