3044 5316
318 375 379 468 38
504 407 552 466 r..
579 403 719 464 uranu
753 403 809 464 un
843 403 980 464 nunno
1014 399 1233 463 xcuxxno.

312 616 464 714 postero
482 607 540 683 die
560 609 711 710 propius
728 605 940 707 Nicopolim
958 609 1136 698 accessit,
1154 611 1351 706 «rastraque
1366 597 1438 708 opi

310 726 403 828 pido
422 723 596 798 contulit.
635 727 741 816 Quae
759 723 848 794 dum
869 723 1044 796 muniunt
1068 722 1205 812 nostri,
1221 723 1438 796 Pharnaces

311 839 433 911 aciem
458 839 637 912 instruxit
662 863 730 911 suo
756 861 861 910 more
880 844 992 935 atque
1019 838 1215 922 instituto;
1242 838 1279 910 in
1308 836 1436 910 fronte

235 943 236 948 ¹
312 957 412 1030 enim
432 955 590 1056 simplici
618 957 760 1030 directa
774 956 873 1044 acie,
890 979 1033 1026 cornua
1050 955 1157 1028 trinis
1181 955 1436 1028 firmabantur

311 1069 497 1146 subsidiis.
535 1071 679 1144 Eadem
703 1073 850 1146 ratione
875 1072 967 1144 baec
986 1067 1107 1144 media
1135 1070 1437 1145 conlocabantur

311 1188 409 1276 acie,
431 1186 577 1259 duobus
596 1186 728 1260 dextra
753 1189 975 1284 sinistraque
1003 1185 1231 1270 intervallis,
1258 1185 1435 1284 simplici-

310 1301 381 1375 bus
399 1303 590 1375 ordinibus
607 1305 812 1376 instructis.
829 1303 992 1376 Perfecit
1009 1303 1204 1402 inceptum
1220 1309 1432 1377 castrorum

311 1443 405 1518 opus
431 1420 641 1509 Domitius,
666 1426 773 1518 parte
799 1421 991 1518 copiarum
1019 1445 1088 1520 pro
1114 1420 1213 1493 vallo
1239 1422 1432 1496 instituta.

360 1533 421 1608 38.
449 1537 625 1608 Proxima
644 1539 755 1606 nocte
780 1535 1010 1623 Pharnaces,
1035 1537 1253 1632 interceptis
1273 1535 1436 1608 tabella-

310 1649 389 1738 riis,
415 1652 477 1750 qui
501 1650 546 1722 de
573 1647 832 1722 Alexandrinis
858 1650 969 1722 rebus
988 1649 1135 1723 litteras
1154 1649 1202 1721 ad
1221 1649 1434 1722 Domitium

310 1765 493 1855 ferebant,
510 1767 719 1864 cognoscit,
737 1767 934 1840 Caesarem
954 1791 1094 1867 magno
1112 1769 1150 1840 in
1169 1767 1336 1866 periculo
1350 1765 1436 1842 ver-

315 1883 407 1972 sari,
434 1879 667 1981 flagitarique
696 1907 718 1954 a
744 1881 928 1970 Domitio,
960 1889 1004 1955 ut
1030 1883 1336 1982 quamprimum
1363 1883 1436 1957 sibi

312 1999 477 2074 subsidia
491 2002 659 2072 mitteret
674 1999 900 2097 propiusque
915 1998 991 2096 ipse
1006 1997 1270 2072 Alexandriam
1287 2025 1351 2099 per
1364 2003 1436 2097 Sy·

309 2115 407 2186 riam
426 2112 635 2186 accederet.
661 2115 746 2205 Qua
764 2114 917 2212 cognita
934 2138 995 2203 re,
1020 2113 1233 2187 Pharnaces
1250 2117 1435 2190 victoriae

310 2216 595 2311 loco'ducebat,
612 2229 641 2300 si
658 2228 806 2301 trahere
825 2234 974 2327 tempus
1001 2234 1146 2328 posset,
1173 2253 1290 2328 quum
1309 2229 1435 2304 disce-

313 2339 478 2414 dendum
503 2341 672 2414 Domitio
698 2341 870 2416 celeriter
896 2349 1060 2443 putaret.
1112 2343 1308 2440 ltaque'ab
1326 2345 1434 2442 oppi-

316 2455 388 2542 do,
412 2481 485 2555 qua
511 2455 731 2530 facillimum
758 2482 950 2532 accessum
968 2465 1007 2532 et
1033 2448 1297 2556 aequissimum
1317 2458 1364 2530 ad
1379 2457 1434 2530 di·

315 2575 532 2648 micaudum
548 2575 683 2648 nostris
702 2573 876 2663 videbat,
895 2574 1010 2646 fossas
1029 2573 1122 2648 duas
1149 2573 1331 2664 directas,
1355 2601 1433 2648 non

314 2693 368 2766 ita
387 2716 523 2792 magno
548 2689 748 2765 intervallo
774 2689 896 2762 medio
924 2689 1076 2776 relicto,
1104 2697 1267 2788 quatuor
1293 2691 1433 2792 pedum

315 2805 524 2878 altitudinis
546 2808 584 2876 in
605 2829 690 2876 eum
716 2803 844 2877 locum
871 2803 1045 2895 deduxit,
1071 2830 1145 2904 quo
1172 2805 1318 2906 longius
1344 2831 1434 2881 con-

314 2922 489 2992 stituerat
506 2943 612 2990 suam
629 2943 704 2991 non
725 2917 930 3017 producere
946 2921 1077 2994 aciem.
1116 2923 1218 2994 luter
1234 2922 1298 2994 has
1313 2921 1433 2996 fossas

315 3035 596 3130 aciem‘semper
613 3033 834 3107 instruebat.
856 3043 857 3048 ’
889 3035 1111 3132 Equitatum
1131 3041 1259 3108 autem
1278 3060 1431 3119 ornnem

315 3151 363 3224 ab
383 3135 580 3223 'lateribus
614 3157 721 3223 extra
753 3149 890 3222 fossam
917 3149 1163 3240 conlocabat,
1189 3153 1277 3249 qui,
1308 3175 1431 3250 neque

258 3338 272 3356 s
313 3267 423 3342 aliter
441 3268 543 3342 utilis
561 3291 638 3339 esse
661 3273 829 3366 poterat,
842 3273 880 3338 et
893 3265 1057 3339 multum
1084 3292 1241 3342 numero
1259 3271 1433 3345 anteibat

272 3432 276 3447 .
312 3387 484 3456 nostrum
512 3383 735 3480 equitatum.
1198 3460 1201 3466 ,

362 3498 423 3592 39.
450 3498 638 3571 Domitius
657 3503 806 3582 autern,
825 3520 943 3597 quum
964 3499 1130 3573 Caesaris
1150 3500 1269 3600 magis
1284 3501 1432 3600 pericu·

311 3610 370 3701 lu,
398 3584 954 3709 quamsuo,cornmoveretl1r;
982 3637 1101 3713 neque
1119 3637 1158 3686 se
1181 3619 1267 3687 tuto
1295 3614 1431 3688 discos·

311 3751 441 3800 surum
473 3727 742 3810 arbitraretur,
770 3728 798 3799 si
827 3727 1082 3817 conditiones,
1107 3753 1198 3826 quas
1224 3727 1431 3815 reiecerat,

285 3834 288 3840 ¹
309 3871 438 3919 rursus
465 3845 674 3943 adpeteret,
701 3849 767 3916 aut
784 3843 862 3916 sino
880 3866 1010 3916 caussa
1028 3845 1255 3934 discederet3
1279 3871 1325 3918 ex
1343 3872 1431 3944 pro-

310 3961 457 4061 pinquis
484 3960 617 4032 castris
641 3961 680 4032 in
707 3958 827 4031 aciem
853 3961 1062 4032 exercitum
1088 3959 1230 4034 eduxit.
1270 3963 1431 4034 Tricesi-

341 4179 466 4232 r'nstituta.
490 4177 545 4232 vid.
563 4177 623 4230 Iud.
652 4177 695 4230 M·
719 4175 775 4229 Alii
791 4181 834 4228 in·
932 4181 1097 4246 propiurque.
1125 4175 1215 4228 Davis.
1245 4175 1322 4229 malit
1343 4182 1430 4242 proti-

308 4257 414 4298 structa.
900 4261 1005 4313 nuxque.
1022 4242 1069 4296 sed
1085 4243 1152 4296 bene
1170 4243 1272 4312 vulgata
1289 4244 1378 4298 hahet.

333 4315 513 4382 flrrgr'tarr'quc.
540 4313 580 4364 lta
609 4312 686 4365 codd.
714 4311 831 4382 plurimi.

305 4378 427 4433 Clarlius
451 4399 484 4432 ex
500 4379 559 4434 aliis
577 4388 603 4431 et
619 4379 679 4434 edd.
697 4388 761 4432 vett.
770 4382 832 4448 fla·
898 4395 983 4500 Mauo
999 4379 1118 4449 longius,
1146 4377 1217 4431 ultra
1234 4396 1311 4449 quem
1328 4377 1427 4432 locum.

301 4461 445 4518 fetoreque.
822 4511 826 4520 θ
935 4483 941 4496 .
