3044 5316
353 383 600 570 Incertum
634 461 862 557 auctorem
895 471 1007 552 6666,
1030 435 1266 530 didicimus
1300 429 1475 532 aSve·

356 577 565 668 1661616
603 573 679 666 161.
728 567 854 665 Caes.
889 608 926 667 c.
966 569 1039 665 56.
1110 569 1232 696 Ergo
1279 572 1472 663 nomina

331 713 509 838 Oppii,
543 714 708 825 Hirtii,
742 713 958 808 Caesarii
969 779 982 822 ,
1007 709 1054 798 in
1077 702 1306 800 codicibus
1339 739 1474 832 prae-

354 841 469 960 fixa,
492 843 557 935 vel
583 845 776 956 incerta,
811 841 877 982 pel
912 839 1021 932 salsa
1044 859 1160 932 sunt.
1186 835 1255 933 Cf.
1285 836 1342 930 ad
1367 841 1469 930 init.

340 978 456 1070 'libri
502 978 644 1070 octavi
680 975 733 1068 de
769 973 816 1070 B.
852 970 908 1070 G.
942 995 988 1067 et
1020 974 1121 1068 libri
1157 971 1212 1064 de
1246 972 1295 1066 Β.
1337 972 1469 1066 Alex.

355 1111 477 1204 lusto
516 1111 666 1238 Lipsio
706 1107 878 1231 (Elect.
914 1143 971 1224 2,
1007 1112 1100 1232 aa)
1135 1107 1208 1200 hic
1247 1106 1381 1220 liber,
1416 1127 1472 1198 ut

336 1243 569 1338 ·Brantius
616 1248 818 1359 monuit,
854 1245 969 1335 inter
1014 1241 1222 1372 pleraque
1261 1239 1472 1346 Romana

357 1383 520 1508 scripta
565 1378 872 1508 simplicitate,
907 1380 1102 1506 puritate
1135 1395 1180 1468 et
1213 1379 1360 1468 omnis
1396 1411 1474 1502 ge-

357 1517 478 1606 neris
500 1513 735 1606 virtutibus
759 1513 954 1604 eminere
976 1513 1093 1604 visus
1116 1530 1205 1626 est,
1226 1529 1271 1604 et
1294 1509 1475 1636 dignior

359 1646 567 1761 Caesare,
586 1649 828 1776 quam'ipsi
854 1645 916 1740 illi
940 1647 1252 1768 commentarii
1276 1643 1472 1736 debello

241 1781 252 1852 s
359 1778 537 1873 Gallico
572 1804 617 1874 et
650 1783 779 1876 civili.
860 1777 947 1872 Cui
982 1781 1227 1872 sententiae
1261 1779 1473 1906 equidem

360 1914 635 2010 subscribere
670 1948 763 2006 non
799 1915 1015 2030 sustineo,
1050 1916 1128 2040 qui
1163 1915 1291 2042 plura
1314 1907 1473 2032 verba,

361 2082 386 2142 a
406 2047 606 2143 Caesaris
631 2051 833 2166 oratione
858 2048 1164 2164 abhorrentia,
1201 2049 1474 2142 anacolutha

280 2177 322 2296 'y
361 2181 571 2298 duriora,
622 2183 1026 2310 negligentiamque
1074 2218 1167 2280 non
1214 2203 1386 2309 gratam
1429 2187 1473 2277 ei

361 2321 502 2410 inesse
536 2319 687 2410 sciam.
723 2317 809 2410 vid.
843 2351 881 2412 c.
917 2318 994 2412 25.
1029 2315 1113 2410 Vel
1148 2315 1257 2411 illud
1290 2323 1474 2412 tirten'm

364 2485 515 2542 nonne
560 2449 616 2544 ad
667 2451 863 2545 taedium
916 2473 1055 2580 usque
1104 2453 1346 2546 occurrit?-
1402 2451 1474 2545 Ac

363 2583 587 2713 profecto,
633 2586 669 2676 si
717 2590 815 2713 quis
860 2617 1012 2679 recens
1046 2622 1074 2679 a
1107 2585 1310 2680 Caesaris
1346 2621 1475 2680 com-

364 2719 592 2812 mentariis
638 2718 695 2810 ad
741 2719 864 2811 hunc
899 2721 1063 2814 librum
1110 2722 1340 2816 accesserit
1352 2727 1368 2838 ,’
1411 2723 1477 2838 16,

364 2855 550 2978 opinor,
586 2849 881 2946 diversitatem
906 2889 1000 2946 non
1024 2859 1241 2981 exiguam
1266 2853 1478 2950 dictionis

363 2986 534 3075 sentiet.
593 2981 923 3105 Guischardus‚
958 2990 1035 3115 qui
1071 3024 1164 3082 666
1199 2994 1477 3105 6131166616,

364 3115 438 3226 sed
473 3149 566 3210 rem
600 3123 901 3235 examinavit,
946 3127 1160 3234 6166166
1207 3126 1477 3216 sententiam

365 3255 453 3343 suis
488 3251 594 3346 locis
630 3253 851 3371 indicavi,
893 3256 974 3349 etsi
1009 3258 1235 3386 scriptoris
1270 3260 1480 3388 peritiam

366 3390 590 3509 agnoscit3
626 3409 777 3482 tamen
812 3384 983 3522 saepius
1019 3389 1072 3482 de
1093 3393 1296 3497 ,obscura
1330 3391 1476 3486 brevi-

279 3533 285 3542 '
367 3539 457 3609 1316
499 3545 767 3646 conquestus
813 3545 907 3638 est,
965 3527 1108 3618 multa
1153 3529 1477 3621 examinaturis

366 3639 460 3744 rein
496 3656 649 3750 relicta
682 3691 774 3748 esse
807 3662 1005 3774 censuit,
1040 3681 1084 3752 et
1117 3659 1337 3788 quaedam
1364 3662 1477 3754 adeo

368 3785 538 3880 alienae
584 3823 746 3882 manus
791 3791 1096 3886 additamenta
1143 3795 1227 3886 sibi
1266 3800 1478 3925 reperisse

368 3922 484 4011 visus
518 3943 595 4013 est.
666 3931 736 4017 M.
1221 3935 1223 3942 ’

408 4147 447 4205 Et
472 4146 544 4208 huic
562 4148 642 4210 libro
663 4151 754 4212 Hirtii
774 4175 900 4235 nomen
954 4155 1479 4238 putavi.Guischarduscenset‚Hir-

368 4228 507 4308 praefixit
536 4231 773 4315 Oudendorpius
803 4257 888 4296 more
953 4242 990 4297 tii
1002 4240 1059 4299 boc
1069 4241 1254 4320 opusalolio
1264 4241 1350 4301 Celso
1359 4241 1480 4322 subple-

368 4318 503 4400 recepto;
518 4333 671 4404 quumque
684 4316 775 4395 vulgo
788 4317 825 4377 ita
840 4319 888 4377 ci·
954 4327 1019 4390 tum
1030 4319 1124 4380 etsub
1134 4320 1275 4382 incudem
1289 4332 1479 4395 revocatum,

368 4395 425 4447 tan
436 4389 535 4466 soleat,
543 4393 888 4460 idemmibifaciundurn
954 4401 1500 4482 661111661161611311111136116666111.Ἰ
