2998 5320
396 403 476 474 us.
509 405 603 474 “eun
638 416 681 502 2.
719 372 760 474 3.
1041 377 1128 511 '169

0 672 1 677 ,
63 609 142 707 seut,
162 622 287 716 petere
312 623 544 716 coeperunt,
570 619 626 690 uti
644 617 711 690 sibi
731 616 849 716 primo
876 627 1022 713 quoque
1039 619 1142 688 tem-¹

17 773 19 780 ·
61 751 131 828 pore
146 731 349 820 subsidium
367 729 548 805 mitteret.
572 733 707 804 Caesar
724 754 806 804 eam
824 731 1020 802 civitatem
1038 730 1140 802 omni

0 926 1 939 ἶ
61 851 204 942 tempore
238 846 378 943 optime
413 843 459 916 de
486 844 628 944 Populo
662 847 831 916 Romano
864 844 1035 915 meritam
1062 865 1140 914 esse

0 958 1 985 ³
59 959 185 1049 sciens,
217 959 386 1032 celeriter
411 960 675 1063 sflcolrortes
701 957 861 1032 secunda
888 954 1013 1054 vigilia
1038 955 1142 1028 iubet

60 1071 223 1166 proficisci
247 1076 402 1171 parique
427 1075 569 1170 equites
595 1097 776 1146 numero:
808 1071 940 1168 quibus
965 1068 1144 1168 praefecit

59 1183 230 1262 bominem
267 1191 344 1262 eius
389 1191 602 1289 provinciae
646 1195 780 1260 notum
818 1194 857 1258 et
898 1209 972 1266 nou
1012 1207 1144 1283 parum

45 1293 242 1394 scientem,
276 1307 320 1378 L.
345 1307 494 1380 Iunium
520 1303 731 1378 Paciecum.
761 1303 835 1394 Qui
861 1325 977 1398 quum
1004 1301 1051 1372 ad
1077 1299 1145 1374 Cn.

61 1414 206 1514 Pompeii
231 1419 413 1514 peaesidia
441 1421 629 1508 venisset,
669 1417 801 1490 incidit
826 1415 922 1488 idem
948 1414 1148 1510 temporis,

60 1532 94 1600 ut
115 1533 334 1628 tempestate
361 1533 516 1606 adversa
542 1533 826 1627 vehementique
852 1534 965 1600 vento
984 1525 1147 1599 adflicta·
1231 1611 1236 1620 ι

39 1649 148 1718 ,τεῒυι
172 1643 314 1718 aditus:
347 1671 459 1744 quem
486 1649 542 1720 vis
568 1648 800 1746 tempestatis
825 1645 878 1718 ita
903 1643 1146 1734 obscurabat,

60 1764 95 1830 ut
116 1761 177 1832 vix
211 1765 425 1859 proximum
459 1787 658 1864 agnoscere
691 1753 825 1860 posses.
866 1761 979 1868 Cuius
1004 1760 1148 1832 incom-

59 1875 200 1950 modum
237 1893 423 1952 summam
452 1879 651 1952 utilitatem
677 1878 771 1975 ipsis'
792 1875 1004 1976 praebebat.
1057 1877 1145 1958 lta,
1219 1946 1231 1954 ,

0 2048 1 2081 .
62 2013 164 2084 quum
185 1994 234 2066 ad
252 2019 339 2067 eum
358 1995 484 2068 locum
511 2000 722 2082 venerunt,
749 1994 854 2066 iubet
878 1993 983 2064 binos
1009 1992 1150 2088 equites

61 2106 220 2182 incedere
236 2117 277 2184 et
294 2117 396 2184 recta
422 2131 489 2208 per
513 2108 809 2182 adversariorum
831 2107 1018 2206 praesidiis
1034 2131 1151 2204 quum

0 2296 1 2299 ,
61 2231 310 2316 quaereretur,
336 2225 397 2321 qui
426 2228 571 2314 essent,
597 2247 692 2296 unus
715 2245 763 2296 ex
790 2221 922 2294 nostris
946 2219 1151 2317 respondit:

0 2396 1 2427 ἦ
60 2351 94 2408 ut
116 2342 220 2414 sileat
235 2342 386 2416 'vobem
396 2340 555 2432 fizoere3
592 2365 676 2411 nom
701 2339 743 2411 id
764 2342 932 2436 temporis
960 2340 1084 2410 sonori
1105 2335 1155 2410 od

0 2506 1 2523 .
59 2475 194 2524 murum
209 2455 395 2543 secedere,
419 2468 460 2526 ut
473 2453 644 2552 oppidum
660 2455 822 2550 sopiant:
848 2455 886 2522 et
903 2450 1038 2547 partim
1058 2455 1153 2520 tem-

60 2575 193 2661 pestate
208 2569 361 2666 inpediti
380 2567 508 2677 vigiles
525 2592 599 2640 non
614 2573 788 2667 poterant
804 2564 1029 2664 diligentiam
1047 2588 1153 2663 prae·
1198 2616 1201 2632 .

61 2684 180 2776 stare,
200 2683 337 2778 partim
355 2681 418 2754 illo
436 2705 610 2780 responso
636 2679 927 2754 deterrebantur.
961 2683 1087 2770 Quum
1107 2677 1155 2749 ad

61 2800 202 2888 portam
231 2795 603 2894 adpropinquassent,
630 2797 733 2893 siguo
759 2794 867 2882 dato,
894 2793 939 2864 ab
966 2791 1156 2890 oppidanis

60 2918 141 2982 suut
167 2915 336 3010 recepti,
360 2921 399 2985 et
418 2913 557 3010 pedites
583 2913 824 3010 equitesque,
849 2909 1008 2984 clamore
1035 2908 1156 2995 facto,

60 3020 243 3120 dispositis
268 3025 318 3097 ibi
344 3028 502 3124 partim,
528 3027 591 3124 qui
616 3016 844 3115 remansere,
870 3024 1102 3123 eruptionem
1119 3021 1158 3094 ils
1210 3073 1212 3081 -

1047 3320 1058 3351 Ι

91 3439 135 3472 sex
156 3413 286 3474 cobortes.
319 3417 365 3476 Sic
383 3414 458 3478 codd.
476 3433 503 3478 et
519 3417 580 3478 edet
679 3421 743 3475 tutet
759 3423 830 3474 binos
846 3419 1033 3491 equinaedere.
1061 3420 1162 3477 llessst

62 3493 121 3541 tert.
137 3489 227 3558 Vulgo
244 3489 293 3540 XI.
644 3483 733 3560 plena.
772 3489 861 3542 Altera
878 3488 970 3549 lectio,
985 3491 1160 3551 conscendere,

92 3569 192 3608 notum.
221 3557 344 3625 peritum.
391 3557 435 3610 Sic
450 3555 581 3610 Phaedrus
647 3557 753 3610 videtur
768 3555 847 3608 abiis
863 3557 976 3616 invecta,
991 3557 1035 3624 qui
1048 3559 1163 3625 equitem

64 3635 92 3680 r,
112 3637 153 3672 rs.
176 3628 274 3673 'notos
286 3623 380 3690 j'ollit,
398 3629 466 3674 notis
482 3637 520 3676 est
536 3627 582 3674 de·
632 3623 801 3675 ¹incedentem
819 3625 884 3676 serre
901 3641 955 3676 uon
973 3632 1095 3692 posseut3
1117 3641 1164 3676 uec

63 3692 132 3740 risui.
196 3688 282 3741 lautus
307 3688 399 3741 Pseud.
423 3709 457 3757 2,
481 3701 516 3758 4,
539 3708 582 3759 ²9·
669 3691 749 3758 oterit
764 3690 890 3755 delendi,
909 3692 961 3742 uisi
978 3709 1039 3742 cum
1055 3690 1163 3754 Heinsio

67 3760 137 3821 novi,
155 3759 227 3806 notis
241 3757 383 3826 praedicas.
649 3707 763 3825 ligetur,
780 3759 848 3808 iulet
864 3741 935 3807 binos
957 3761 1088 3826 (equitem
1106 3775 1164 3812 cun

93 3821 584 3891 adflictaretur:quemvis-.InLeid.
651 3821 760 3895 pedite)
783 3841 873 3895 equum
896 3828 1070 3885 conscendere,
1093 3833 1123 3875 ut
1142 3841 1164 3876 e.

64 3887 98 3938 sie
118 3897 179 3954 est,
201 3891 334 3956 editusque
354 3893 400 3940 vis.
434 3890 585 3943 Ciaeeouius
651 3901 676 3955 4.
704 3890 746 3944 Μ.

64 3956 114 4014 ait,
130 3956 161 4006 in
180 3973 230 4006 suo
247 3957 324 4006 etiam
338 3955 398 4006 addi
409 3957 503 4007 odilus.
520 3957 586 4026 Opi·
683 3958 828 4023 respondit:
845 3968 872 4006 ue
884 3983 924 4006 -.
952 3956 1046 4010 Mirum
1062 3954 1166 4009 Latini·

66 4020 283 4090 rothgandum,
302 4023 585 4089 afflictareturodieus,
652 4023 749 4076 tatem!
773 4022 815 4074 Μ.
835 4021 965 4076 barbaries
982 4023 1059 4075 mera.
1147 4063 1149 4068 .

1 4110 2 4135 l
65 4105 136 4154 quem
145 4108 189 4137 ·-·-.
214 4087 443 4150 llaeesuntverba
461 4089 528 4142 Oud.
541 4090 587 4159 qui
684 4093 792 4149 partim,
811 4093 855 4156 qut
870 4107 1024 4140 remansere.
1041 4093 1168 4158 Ampos-

66 4169 127 4203 mox
139 4153 243 4208 mavult
251 4173 347 4223 posses.
374 4155 416 4207 M.
462 4157 505 4207 uia
518 4155 586 4208 Dor·
652 4159 716 4214 sim,
741 4160 785 4222 qni
807 4154 994 4218 remanerent?
1026 4156 1079 4211 Sed
1100 4155 1169 4211 nihil

1 4283 2 4286 Ἴ
67 4219 122 4269 sitii
140 4220 225 4273 codex
241 4221 321 4272 babet
335 4239 425 4286 posses.
475 4221 534 4291 ulgo
551 4218 588 4273 le·
653 4223 763 4274 efficitur
785 4220 975 4292 emendatione.
1019 4223 1103 4283 Terste
1130 4233 1170 4276 est

1 4335 2 4344 ,
68 4287 136 4349 gitur
149 4299 248 4356 posset.
286 4287 317 4339 Iu
335 4287 398 4340 locis
414 4288 479 4340 adeo
495 4307 589 4342 conru-
653 4289 761 4341 'varietas
778 4287 933 4346 verborum.
956 4302 1013 4341 sunt
1035 4295 1168 4361 recepti-

69 4353 122 4418 ptis
147 4352 275 4422 sequendi
292 4363 353 4406 sunt
372 4353 486 4416 codices.
508 4371 589 4426 quau·-
654 4359 823 4424 eruptionem,
838 4365 869 4410 at
885 4355 953 4408 nibil
963 4356 1066 4412 deliniri
1077 4359 1168 4430 possit.

71 4426 127 4470 tum
143 4427 249 4490 potest,
266 4423 386 4472 maxime.
655 4423 698 4476 M.

175 4514 331 4590 Causea.
359 4518 552 4593 Commeat.
579 4516 686 4636 Tum.
713 4521 758 4592 ll.
917 4561 920 4566 ·
988 4521 1022 4592 Y
