2998 5320
438 351 520 420 tro.
554 360 646 420 cur.
683 325 827 421 8-11.

1075 329 1162 453 175
1274 453 1278 466 .

71 547 593 634 laborantibussuccurreret.
640 561 790 649 Nostri,
826 581 940 657 quum
968 557 1167 659 adpropin-

70 681 261 769 quassent,
285 674 449 749 clamore
466 676 661 773 repentino
674 675 908 773 telorumque
926 673 1166 748 multitudine

69 773 186 860 iactus
208 787 329 860 facere
353 795 577 888 coeperunt,
615 790 670 861 uti
690 813 861 890 magnam
883 793 1026 886 partem
1045 787 1168 862 humi·

69 924 153 972 num
183 901 397 975 vulneribus
422 903 635 976 adficerent.
666 906 752 996 Quo
778 908 950 1002 peracto,
975 923 1100 998 quum
1118 923 1167 974 ex

69 1015 217 1089 castello
242 1041 448 1117 repugnare
475 1013 706 1116 caepissent,
744 1024 783 1090 et
809 1018 1011 1090 maioribus
1035 1021 1167 1092 castris

68 1133 230 1206 Caesaris
255 1135 414 1207 nuncius
432 1139 527 1208 esset
540 1132 703 1222 adlatus,
720 1157 806 1206 cum
825 1134 945 1206 tribus
963 1133 1167 1233 legionibus

69 1251 119 1317 est
139 1246 330 1344 profectus
349 1255 413 1338 et,
438 1271 553 1346 quum
572 1245 619 1318 ad
636 1271 699 1320 eos
717 1248 1064 1344 adpropinquasset,
1078 1247 1167 1348 fuga

69 1360 252 1455 perterriti
271 1359 486 1434 multisunt
511 1361 717 1444 interfecti,
750 1357 957 1459 complures
983 1361 1103 1458 capti3
1128 1363 1167 1432 in
1244 1389 1249 1408 ·

69 1473 197 1568 quibus
225 1473 331 1546 duo*
348 1474 457 1548 multi
483 1481 674 1573 praeterea
700 1475 812 1546 armis
838 1475 940 1548 exuti
967 1473 1166 1572 fugerunta

69 1612 226 1684 quorum
251 1596 358 1664 scuta
383 1596 471 1664 sunt
496 1590 612 1664 relata
639 1591 842 1688 octoginta.

14 1797 15 1804 ἵ
118 1733 177 1780 ιο.
207 1699 415 1804 Insequenti
442 1707 525 1781 luce
544 1708 744 1806 Arguetius
769 1731 814 1780 ex
832 1705 938 1780 ltalia
964 1729 1050 1780 cum
1067 1707 1168 1804 equi·

69 1827 146 1896 tatu
174 1824 289 1897 venit.
323 1825 368 1924 ls¹
384 1824 486 1923 signa
513 1825 802 1922 Saguntinorum
828 1821 956 1896 retulit
981 1826 1167 1929 quinque,

70 1952 157 2031 qu'ae
185 1936 234 2007 ab
261 1935 452 2033 oppidanis
478 1933 589 2035 cepit.
628 1937 704 2010 Suo
730 1937 813 2010 loco
839 1939 1060 2035 praeteritus
1085 1941 1168 2024 est,

72 2049 164 2144 quud
180 2050 336 2145 ¹equites
361 2074 408 2122 ex
433 2049 540 2122 ltalia
564 2074 651 2122 oum
676 2052 880 2150 Asprenate
902 2048 949 2122 ad
974 2048 1167 2122 Caesarem

73 2157 267 2238 venissent.
318 2167 373 2238 Ea
399 2172 509 2239 nocte
535 2167 732 2266 Pompeius
765 2171 886 2238 castra
911 2188 977 2237 sua
1002 2163 1168 2238 incendit

14 2297 15 2304 ’
72 2284 106 2350 et
129 2279 175 2350 ad
208 2279 422 2352 Cordubam
455 2304 584 2352 versus
617 2282 688 2352 iter
722 2279 842 2352 facere
874 2277 1010 2374 'coepit
1062 2277 1167 2364 Rex,

72 2393 218 2465 nornine
244 2391 362 2482 ludo,
401 2394 464 2490 qui
490 2417 578 2466 cum
605 2394 771 2490 equitatu
796 2414 880 2464 snas
907 2389 1030 2486 copias
1056 2387 1170 2460 addu-

14 2547 16 2580 ‚
72 2511 192 2588 xerat,
222 2503 310 2576 dum
338 2507 506 2602 cupidius
532 2532 665 2606 agmen
685 2505 987 2578 adversariorum
1013 2501 1170 2599 insequi-

14 2639 15 2644 ’
77 2623 159 2708 tur,
199 2644 224 2691 a
251 2619 456 2694 vernaculis
482 2619 688 2721 legionariis
714 2626 890 2720 exceptus
915 2624 972 2694 est
997 2623 1036 2692 et
1059 2619 1171 2698 iuter·

15 2837 16 2840 *
72 2736 201 2842 fectus»=

120 2882 176 2926 ιι.
204 2857 361 2929 Postero
388 2855 445 2930 die
472 2858 613 2954 equites
638 2856 756 2930 nostri
788 2853 932 2954 longius
958 2851 1005 2926 ad
1030 2853 1172 2928 Cordo·
1223 2933 1228 2944 ,

15 2963 16 2974 ’
72 2968 151 3044 bam
180 2956 312 3044 versus
337 2975 524 3069 prosecuti
551 2979 639 3045 sunt
664 2995 751 3061 eos,
776 2973 840 3068 qui
866 2976 1098 3050 commeatus
1123 2971 1172 3044 ad

75 3150 108 3202 ita
123 3154 223 3223 scripta
239 3159 318 3212 suut,
335 3159 373 3202 ut·
388 3169 441 3202 non
463 3149 527 3202 sutis
542 3149 590 3200 ad-

68 3229 174 3288 pareat,
193 3220 272 3288 quie,
288 3217 370 3288 qnid,
396 3217 528 3289 φιοιιιοόο
551 3217 589 3267 se-

74 3287 132 3337 terit
147 3291 194 3338 aut
213 3303 349 3356 perpessus
363 3285 407 3335 sit.
435 3285 535 3335 Omnes
546 3302 590 3334 ex-

68 3350 227 3419 plicationes
237 3371 293 3404 nou
307 3361 362 3402 tans
374 3353 403 3401 in
416 3349 504 3401 serbis
515 3358 589 3410 suut,

16 3419 17 3428 ’
106 3437 146 3470 am
163 3421 325 3488 inportatae.
347 3419 477 3468 castellum
498 3425 528 3467 ut
551 3425 591 3468 est

74 3435 301 3545 &esurianomm
321 3488 358 3536 ita
380 3486 427 3562 qui
449 3485 504 3534 sint
520 3483 591 3532 labo·

76 3565 172 3610 rantes,
186 3561 217 3603 et
227 3551 273 3602 uhi
285 3571 317 3602 ex
328 3549 415 3602 imbrs
430 3569 484 3601 non
503 3558 591 3618 potest

75 3620 199 3685 cognosci.
240 3617 335 3670 Nostri
356 3626 434 3681 sunt,
456 3615 554 3668 obsessi
575 3635 591 3668 a

69 3679 206 3754 ¹Pompeio.
246 3684 331 3753 Ergo,
357 3703 433 3751 quuns
453 3685 590 3750 adpmps'ss·

77 3763 190 3815 qtsassent
207 3768 263 3801 non
274 3751 308 3802 ad
320 3759 436 3810 nostros,
456 3751 500 3801 sed
515 3750 591 3799 Porn-

70 3817 177 3882 'peianos
187 3817 353 3870 referendum
362 3826 401 3867 cst
406 3855 415 3878 ,
425 3835 501 3883 quum
512 3816 592 3866 Pam·

18 3905 20 3920 ι
77 3886 156 3947 peians'
178 3885 290 3952 adprop.
311 3885 365 3934 nisi
385 3877 494 3938 Nostris
516 3901 592 3949 quum

72 3949 300 4018 'adpropinquasset
312 3948 394 4018 legere
405 3949 534 4001 malimus.
554 3951 590 3998 M.

80 4012 191 4068 Cluilius
218 4016 333 4086 explicet
359 4019 411 4067 ita:
449 4016 592 4067 Castellum

80 4080 235 4145 (Caesaris)
257 4084 401 4152 obpugnare
415 4086 496 4152 eoepit
513 4083 592 4132 Pom-

80 4152 159 4212 peius,
189 4161 218 4198 ut
247 4149 421 4200 laborantibus
448 4151 594 4216 (Ategua-

82 4214 148 4266 nisa
170 4215 282 4266 Caesare
305 4215 439 4278 obsessis)
463 4233 593 4266 manure-

83 4292 125 4329 ret.
156 4279 253 4335 Nostri
269 4283 321 4346 (irs
344 4281 451 4333 castello
466 4287 496 4346 ),
516 4300 593 4349 quran

84 4346 321 4420 adpropinquassent
338 4349 528 4452 (qupeigui)
543 4359 590 4402 cto

656 3167 709 3270 piae
706 3169 733 3220 p.
753 3150 804 3221 legi
830 3151 888 3205 stult
915 3155 1054 3206 maioribus
1080 3157 1172 3208 eastris

709 3237 771 3270 sarr.

689 3286 739 3335 duo
762 3289 776 3316 *
798 3285 880 3336 multi.
919 3283 1029 3337 Videtur
1047 3287 1172 3340 excidisse

659 3351 767 3467 stitluns'
794 3350 836 3403 rel
857 3351 1022 3403 eentum
1042 3353 1086 3406 rel
1106 3351 1171 3424 quid

656 3435 750 3472 serare.

690 3485 898 3552 Saguntinnmm.
915 3484 1016 3553 Ergone
1030 3483 1077 3540 bos
1088 3486 1117 3538 iu
1129 3486 1173 3538 iti-

656 3569 718 3602 tserc
735 3550 769 3601 ob
791 3549 886 3602 ressit?
913 3554 950 3601 Μ.

690 3617 744 3667 Suo
789 3635 861 3666 ω-
876 3624 1007 3668 venissent.
1033 3616 1174 3686 inexplica-

656 3683 720 3734 bilis
731 3683 812 3736 loeus.
829 3683 885 3735 Atii
898 3684 995 3736 habeut
1003 3689 1174 3752 prosternatus

657 3760 703 3800 aut
721 3755 882 3816 perterritus.
916 3753 1046 3819 Asprenate
1065 3750 1174 3820 quidum

657 3816 685 3867 B.
707 3817 766 3868 Λή.
790 3836 813 3869 c.
836 3823 860 3870 8.
882 3826 1099 3870 commemoratus
1124 3825 1173 3868 est.

659 3884 696 3934 M.
719 3883 786 3936 Sctli
805 3921 810 3930 .
827 3883 903 3936 dedit
916 3889 1070 3951 praeteritus
1086 3901 1100 3932 e
1116 3881 1173 3935 cosl-

658 3949 758 4000 lirsini.
817 3970 850 4001 os
876 3969 921 4002 sua
946 3948 1043 4002 adiecit
1068 3948 1137 4002 Oud
1156 3967 1174 4000 e

658 4016 734 4068 codd.
752 4024 779 4066 et
795 4017 853 4070 edd.
870 4025 934 4068 vett.

691 4083 821 4134 vernaculi
837 4091 899 4134 sunt
914 4081 1087 4152 Pompeianis
1105 4098 1129 4134 a
1144 4098 1174 4148 7.

657 4148 725 4226 Efgo
734 4147 786 4266 {lile
803 4151 858 4201 lies
873 4149 939 4202 ludo
952 4149 1085 4202 Caesarem
1100 4148 1176 4202 edis·

657 4225 705 4266 vlt.
770 4253 777 4266 .

742 4287 826 4334 seeust.
852 4282 896 4336 Sic
909 4281 985 4340 codd.
997 4279 1095 4337 etedd·
1112 4289 1174 4338 wil·

696 4349 712 4400 'i
727 4353 859 4418 persecuti.
