2998 5320
328 407 332 411 ’
456 421 726 484 sensurum.
1014 496 1017 507 ,
1048 389 1143 488 233

2 573 3 654 i
49 639 174 698 omnes
198 619 339 697 libellos
379 624 503 698 vetuit
543 625 735 726 Augustus
774 622 965 724 publicari.
1008 623 1147 704 Sueten.
1229 601 1234 624 ι

93 893 191 968 Olus
226 919 373 994 quoque
412 893 580 971 silvestre
617 903 674 970 est
706 899 820 971 trium
861 896 1059 988 foliorum,
1101 899 1147 970 D.

7 1027 11 1037 ’
49 1010 125 1082 Iulii
153 1010 382 1082 carminibus
415 1013 611 1110 praecipue
643 1013 807 1109 iocisque
837 1011 1058 1084 militaribus
1085 1037 1150 1082 ce-

49 1121 245 1196 lebratum.
296 1123 457 1198 Alternis
495 1127 629 1224 quippe
669 1125 835 1198 versibus
873 1125 1149 1223 exprobavere,

49 1242 195 1334 lapsana
220 1265 258 1312 se
290 1241 423 1313 vixisse
456 1242 553 1340 apud
571 1243 872 1336 Dyrrhachium,
898 1243 1150 1340 praemiorum

49 1355 310 1450 parsimoniam
326 1351 553 1430 cavillantes.
570 1357 638 1430 Est
653 1363 780 1430 autem
793 1356 831 1432 id
843 1382 950 1457 cyma
965 1357 1150 1432 silvestris.

50 1467 142 1538 Prin.
176 1491 233 1562 19.
260 1469 282 1541 8
310 1469 350 1564 (4
374 1469 405 1566 ).
1183 1469 1189 1480 ’

51 1688 222 1762 Donatus·
246 1693 286 1762 in
319 1691 391 1766 vita
429 1675 586 1763 Terentii
616 1689 682 1764 hus
709 1691 774 1765 sub
799 1691 840 1765 C.
873 1689 959 1766 Iulii
984 1695 1149 1769 Caesaris

96 1809 241 1879 nondne
267 1831 389 1880 versus
409 1807 598 1904 producit:

96 1968 159 2042 Tu
177 1991 347 2066 quoque,
372 1975 416 2042 tu
432 1971 467 2042 in
483 1972 659 2062 summis,
682 1996 706 2045 u
723 1969 912 2045 dimidiare
929 1953 1153 2061 Menander,

95 2087 272 2174 Poneris,
306 2092 345 2158 et
370 2087 523 2175 merito,
556 2088 638 2184 puri
665 2089 843 2160 sermonis
869 2095 1026 2160 amator.

54 2277 58 2296 „
97 2201 262 2273 Lenibus
288 2207 400 2297 atque
435 2202 578 2273 ubinam
605 2204 750 2301 scriptis
775 2203 950 2276 adiuncta
976 2204 1072 2276 foret
1098 2203 1154 2276 vir

98 2318 280 2392 Comica:
321 2322 364 2390 ut
391 2323 549 2412 aequato
576 2319 696 2392 virtus
722 2318 877 2418 palleret
903 2321 1044 2394 honore

99 2433 199 2504 Cum
218 2431 387 2516 Graecis3
406 2455 523 2527 neque
533 2432 571 2503 in
590 2431 659 2503 hac
677 2432 871 2530 despectus
886 2439 989 2531 parte
1003 2435 1155 2505 iaceres.

104 2545 233 2617 Unum
258 2544 319 2616 hic
345 2551 576 2618 maceraret
602 2544 708 2619 doleo
730 2547 799 2620 tibi
825 2545 965 2636 deesse,
991 2547 1154 2618 Terenti.

54 2737 206 2838 Sequens
239 2743 349 2811 etrum
381 2739 619 2838 Epigramma
651 2739 691 2810 C.
717 2736 809 2810 lulio
836 2737 983 2851 Caesari
1010 2735 1155 2834 pradum

321 2853 543 2936 inscribunt,
574 2854 640 2924 alii
664 2853 885 2925 Germanico.
983 2935 986 2942 Ι

105 3031 233 3106 Thrax
258 3049 350 3132 puer
376 3027 556 3112 adstricto
587 3033 705 3133 glacie
731 3029 821 3105 dum
840 3029 992 3104 ludit-in
1009 3029 1159 3119 Hebm,

158 3150 324 3223 Pondere
348 3158 542 3226 concretas
567 3149 703 3249 frigore
728 3151 830 3249 rupit
855 3173 980 3246 aquas.

106 3296 281 3392 Dumque
299 3296 395 3368 imae
413 3299 536 3393 partes
561 3294 690 3391 rapido
709 3293 946 3376 traherentur
966 3292 1012 3364 ab
1030 3315 1158 3382 amne,

5 3490 9 3545 ἰ
156 3410 326 3485 Abscidit
351 3416 520 3484 tenerum
546 3408 690 3483 lubrica
715 3414 811 3480 testa
839 3413 980 3504 caput,

5 3550 9 3570 '
108 3555 210 3628 Orba
237 3555 337 3652 quud
362 3555 557 3626 inventum
583 3557 704 3625 maier
729 3551 818 3624 dum
845 3550 1020 3624 conderet
1047 3575 1161 3641 urna,

4 3673 7 3778 i
157 3668 390 3768 Hucpeperi
416 3665 601 3756 flammis,
633 3672 802 3756 caetera,
835 3665 947 3754 dixit,
982 3665 1098 3762 aquis.
1176 3711 1179 3718 ι

4 3795 6 3870 Ξ
108 3851 207 3955 illud
229 3877 308 3928 vero
334 3849 533 3926 distichon:

4 3909 6 4036 i
108 4019 244 4092 Feltria
270 4022 450 4116 perpetuo
476 4017 618 4090 nivium
645 4015 820 4090 damnata
845 4018 978 4118 rigore.

4 4131 6 4144 '
157 4137 272 4207 Terra
297 4133 388 4206 mihi
412 4131 567 4230 posthac
593 4155 667 4206 non
695 4134 920 4222 habitanda,
953 4130 1047 4204 vale.

63 4283 152 4371 falso
186 4288 336 4360 Caesari
365 4289 577 4382 inscriptum
609 4299 665 4359 est
675 4293 688 4370 ,
727 4289 797 4358 atsi
819 4285 963 4388 quidam
989 4289 1028 4357 ia
1053 4293 1179 4376 ment-⁶

16 4409 20 4422 '
67 4398 184 4490 brana,
203 4400 277 4484 alii
297 4403 337 4472 in
360 4425 451 4472 mxu
476 4415 617 4477 exstare
640 4401 772 4474 dicant.

163 4529 320 4602 CAESAR.
346 4529 538 4606 Commeat.
588 4533 696 4605 Tum.
722 4533 771 4604 11.
932 4531 1017 4635 Gg
1099 4523 1101 4530 ’
