3044 5316
391 391 472 456 mn.
506 394 600 456 car.
639 361 732 512 33.Ι
753 363 830 483 34.
1101 361 1161 458 35

40 599 227 698 imperata
252 623 291 672 se
312 600 436 674 facere
461 599 733 702 pecuniamque
760 597 982 698 promissam
1009 597 1161 672 Caesari

41 739 113 788 non
132 739 246 814 posse
273 714 497 813 persolvere.
535 715 747 806 Domitius,
766 739 841 788 non
860 719 1010 789 tantum
1033 715 1079 787 ad
1097 737 1166 788 ex-

41 831 238 929 plicandos
264 836 410 905 sumtus
426 831 480 904 rei
497 830 669 904 militaris
686 857 802 930 quum
822 834 1018 932 pecuniam
1039 855 1165 905 ncces·
1234 861 1239 872 ·

42 945 181 1017 sariam
201 969 279 1018 csse
297 944 500 1035 iudicaret,
519 945 583 1018 sed
602 949 717 1022 etiarn
736 955 845 1045 turpe
865 946 1003 1046 populo
1021 944 1168 1019 Roma-

41 1085 86 1133 no
106 1068 151 1142 et
167 1061 321 1134 Caesari
339 1061 493 1151 victori,
523 1060 666 1159 sibique
688 1061 847 1146 infame,
867 1086 944 1136 esse
963 1067 1167 1154 statueret,

41 1177 176 1274 Regna
205 1176 394 1252 sociorum
429 1183 543 1276 atque
570 1177 781 1250 amicorum
808 1176 855 1248 ab
877 1183 1035 1250 externo
1061 1177 1166 1278 Rege

42 1293 244 1392 occupari:
266 1294 422 1366 nuncios
440 1293 640 1366 confestim
657 1291 703 1365 ad
722 1293 940 1368 Pharnacen
959 1293 1081 1382 misit,
1099 1295 1171 1368 Ar·

42 1412 168 1482 menia
187 1408 499 1508 Cappadociaque
526 1407 743 1498 decederet,
775 1433 888 1501 neve,
921 1414 1169 1510 occupatione

43 1523 126 1595 belli
147 1523 292 1614 civilis,
310 1522 441 1623 Populi
460 1524 621 1596 Romani
638 1525 696 1596 ius
714 1526 1022 1627 maiestatemque
1041 1531 1170 1600 tenta-

43 1647 112 1713 ret.
156 1641 269 1714 Hanc
296 1641 625 1720 denunciationem
652 1663 770 1738 quum
798 1642 978 1716 maiorem
1005 1644 1081 1714 vim
1101 1641 1171 1716 ha-

43 1753 215 1828 bituram
250 1755 502 1844 existimaret,
526 1755 557 1827 si
592 1749 758 1854 propius⁸
779 1779 841 1828 eas
875 1757 1043 1858 regiones
1079 1777 1169 1828 cum

45 1873 219 1946 exercitu
237 1872 474 1946 accessisset:
501 1871 549 1944 ad
567 1869 733 1971 legiones
751 1871 961 1972 profectus,
989 1895 1102 1945 unam
1122 1895 1170 1946 ex

44 1988 168 2060 tribus
198 1989 429 2060 tricesimam
455 1992 601 2060 sextam
629 2011 757 2062 secum
783 1987 910 2080 ducit,
935 1989 1027 2063 duas
1045 1992 1083 2063 in
1100 1991 1172 2064 Ae·

46 2109 210 2202 gyptum
229 2101 277 2174 ad
303 2103 500 2174 Caesarem
527 2101 669 2190 mittit,
703 2102 837 2176 litteris
863 2105 941 2176 eins
967 2109 1169 2177 evocatas:

49 2245 214 2319 quarum
253 2217 370 2292 altera
395 2219 433 2290 in
460 2215 557 2292 bello
591 2217 844 2292 Alexandrino
876 2245 952 2294 non
983 2221 1172 2312 occurrit,

50 2338 149 2436 quod
171 2337 309 2410 itinere
327 2335 493 2408 terrestri
511 2357 578 2433 per
602 2333 749 2442 Syriam
768 2339 849 2407 erat
867 2338 989 2434 missa.
1029 2336 1172 2414 Adiun-

50 2458 102 2554 git
127 2455 203 2529 Cn.
228 2452 418 2527 Domitius
442 2446 579 2548 legioni
614 2449 824 2524 tricesimae
850 2458 977 2525 sextae
1004 2451 1096 2528 duas
1123 2455 1171 2528 ab

48 2570 253 2652 Deiotaro,
280 2564 450 2665 quasilla
469 2561 662 2663 disciplina
688 2569 802 2662 atque
828 2569 1023 2639 armatura
1044 2575 1173 2642 nostra

50 2682 267 2783 complures
307 2703 423 2756 annos
462 2679 690 2753 constitutas
728 2678 908 2766 babebat,
951 2681 1173 2780 equitesque

51 2810 229 2890 centnm,
256 2798 491 2896 totidemque
506 2795 554 2869 ab
569 2795 821 2870 Ariobarzane
838 2797 965 2872 sumit.
992 2799 1114 2874 Mittit
1133 2799 1174 2874 Ρ.

50 2922 227 2994 Sextium
245 2916 292 2992 ad
309 2916 350 2990 C.
367 2913 618 3001 Plaetorium,
638 2915 909 3006 Quaestorem,
927 2922 971 2990 ut
988 2915 1176 3018 legionem

51 3034 278 3120 adduceret,
304 3052 399 3128 quae
424 3051 472 3102 ex
497 3026 756 3101 tumultuariis
783 3029 966 3104 militibus
990 3032 1029 3104 in
1051 3033 1176 3108 Ponto

51 3149 228 3219 confecta
247 3150 347 3216 erat:
383 3143 665 3240 Quinctumque
684 3143 867 3216 Patisium
884 3146 922 3216 in
939 3143 1112 3218 Ciliciam·
1128 3143 1176 3218 ad

51 3264 193 3336 auxilia
211 3257 442 3334 arcessenda.
468 3260 574 3352 Quae
592 3259 721 3356 copiae
740 3257 909 3334 celeriter
926 3283 1056 3354 omnes
1074 3263 1176 3335 iussu

50 3377 211 3452 Domitii
237 3375 404 3449 Comana
430 3377 703 3446 convenerunt.
941 3377 943 3382 “

67 3643 215 3716 Ιιζιψιεινιειι
226 3629 356 3703 sefacere
367 3627 405 3682 sic
414 3613 490 3681 codd.
498 3624 582 3696 Vulgo

52 3703 133 3847 abdon
156 3783 246 3839 posse.
268 3763 384 3818 Additur
400 3779 427 3812 rc
447 3761 514 3814 citra
539 3778 585 3812 ne·

50 3845 213 3888 cessrtatem.

649 3621 712 3677 edd.
729 3632 794 3678 vett.
812 3621 931 3691 habeut3
959 3623 1006 3678 red
1022 3627 1046 3678 is
1062 3623 1178 3695 Pompe·

652 3692 726 3744 ianus
738 3701 800 3744 erat.
819 3691 850 3744 V.
868 3691 924 3746 Cic.
941 3692 976 3746 ad
994 3693 1057 3746 sam.
1073 3709 1119 3756 η,
1140 3696 1178 3746 rt.

652 3757 728 3810 Aliae
745 3759 804 3812 add.
823 3759 976 3811 Paconium.

687 3827 806 3878 Comana
830 3829 877 3891 (rei
900 3831 1018 3896 Κίμκνι)
1041 3844 1096 3878 esse
1113 3822 1178 3878 inl.

157 3893 585 3970 at.bellior'v.quiapopnlus,otcu·

79 3922 191 4024 mbos
198 3967 277 4027 bello,
287 3967 435 4037 provincias
441 3973 470 4016 ct
477 3971 584 4016 externa

51 3979 195 4090 bldddere
207 4053 332 4087 accurare
344 4049 400 4084 non
414 4039 511 4100 posset.
528 4031 567 4080 M.

82 4104 275 4158 tumultuariis.
350 4101 421 4152 inam
450 4096 479 4148 bi
507 4098 584 4158 sint,

53 4171 126 4224 docet
145 4171 241 4222 Livius
261 4186 292 4230 ι,
311 4169 351 4232 ¹7.
372 4171 407 4226 5,
425 4163 466 4230 37.
484 4163 532 4225 35,
559 4180 584 4214 a.

82 4240 229 4290 Patisium.
258 4236 298 4288 Ita
316 4233 393 4288 codd.
411 4233 510 4284 Contra
528 4234 584 4301 Ap⁴

56 4307 122 4375 plau.
146 4305 182 4356 C.
201 4321 238 4364 2,
265 4321 320 4370 ¹¹9·
349 4301 479 4352 Patiscum
501 4308 529 4351 at
551 4316 583 4350 cx

55 4373 241 4429 emendatione
279 4368 425 4422 doctissimi
463 4365 584 4419 Schwei-

55 4433 585 4508 pinnaeul'asircrmutothicquaedam

651 3893 730 3946 Ponti
750 3894 863 3954 urbem,
882 3915 896 3945 a
915 3891 1043 3947 Strabone
1061 3889 1121 3956 (hb.
1139 3908 1178 3946 ra.

652 3980 681 4032 p.
707 3965 755 4026 547
778 3971 806 4013 et
835 3965 899 4025 557)
924 3969 1177 4020 commemoratam,

651 4037 680 4080 ct
707 4045 722 4078 a
751 4027 877 4079 Comanis
904 4025 1084 4097 Cappadociae
1101 4024 1180 4090 (vid.

652 4096 722 4148 infra
738 4112 795 4162 cap.
813 4097 862 4157 66)
880 4092 1026 4152 diversum,
1053 4092 1181 4146 conclusit

652 4161 780 4214 Cellurius
793 4180 807 4211 e
820 4160 906 4212 verbis
918 4178 975 4230 cap.
989 4161 1034 4220 35,
1046 4178 1079 4210 ex
1092 4161 1179 4214 Ponto

651 4249 670 4280 a
694 4229 816 4280 Comanis
839 4232 923 4296 iugum
939 4239 992 4288 cst,
1020 4235 1104 4280 atres
1121 4229 1179 4298 ipsa

652 4295 779 4366 loquitur.
797 4295 835 4344 M.
850 4295 905 4348 nni
917 4303 1007 4346 nostro
1018 4293 1075 4348 loco
1086 4294 1180 4365 legunt

653 4365 794 4416 Cornarroe.
811 4361 859 4414 sed
876 4361 1042 4433 frequentius
1058 4371 1100 4416 cst
1116 4379 1181 4420 neu·

652 4439 726 4486 uum
742 4427 853 4504 plurale.
