3044 5316
265 367 270 395 ⁸
435 365 516 432 tin.
552 369 645 430 car.
681 371 858 435 :to—22.
1143 343 1207 442 23

93 675 95 680 Ι
133 595 199 647 ar.
243 565 400 658 Caesar,
445 573 570 672 quoad
596 577 741 676 potuit,
784 575 1015 652 cohortando
1041 602 1132 654 suos
1159 575 1208 652 ad

80 699 239 790 pontem
267 698 306 766 et
332 693 559 766 munitiones
586 693 839 783 contendere,
880 693 1009 767 eodem
1038 697 1074 768 in
1103 695 1203 794 peri-

81 807 168 882 culo
197 819 369 884 versatus
396 817 465 884 est.
505 811 711 909 Postquam
739 813 932 886 universos
960 811 1089 886 dedere
1129 814 1207 886 ani·

79 923 313 1015 madvertit,
345 926 384 998 in
411 950 522 998 suum
541 928 733 1028 navigium
759 953 797 1002 se
816 929 968 1026 recepit.
997 931 1081 1020 Quo
1101 927 1203 1000 mul-

78 1039 208 1110 titudo
234 1029 432 1112 h'ominum
458 1043 627 1114 insecuta
654 1067 770 1140 quum
799 1043 1052 1156 inrumperet,
1082 1065 1204 1140 neque

17 1194 21 1208 ·
77 1150 367 1226 administrandi
403 1180 521 1254 neque
548 1157 745 1256 repellendi
773 1183 796 1228 a
822 1163 922 1228 terra
951 1155 1111 1228 facultas
1138 1155 1207 1228 da-

77 1275 215 1354 retur3
238 1269 339 1359 fore,
374 1273 474 1368 quod
502 1274 662 1363 accidit,
688 1275 918 1374 suspicatus,
952 1299 1030 1346 sese
1057 1298 1103 1346 ex
1135 1299 1206 1348 na-

77 1387 180 1483 vigio
210 1387 321 1460 eiecit
340 1395 453 1486 atque
472 1388 518 1461 ad
546 1415 627 1479 eas,
653 1414 749 1488 quae
767 1391 865 1491 longi
874 1417 915 1463 us
933 1393 1202 1484 constiterant,

77 1523 193 1572 naves
213 1501 420 1577 adnotavit.
452 1505 550 1578 Hinc
565 1507 641 1578 suis
658 1506 918 1582 laborantibus
935 1503 1099 1578 subsidio
1118 1531 1204 1579 sca-

76 1619 171 1716 phas
187 1621 364 1707 mittens,
392 1621 589 1694 nonnullos
616 1623 879 1712 conservavit;
906 1625 1096 1724 navigium
1116 1624 1204 1723 qui-

79 1733 169 1806 dem
188 1736 288 1823 eius,
314 1734 556 1810 multitudine
576 1737 791 1838 depressum
808 1739 993 1832 militum,
1023 1766 1207 1814 unacum

77 1846 295 1921 bominibus
329 1851 485 1926 interiit.
528 1853 611 1926 Hoc
645 1853 787 1954 proelio
819 1853 1017 1928 desiderati
1043 1861 1131 1929 sunt
1158 1881 1206 1930 ex

74 1989 236 2036 numero
263 1953 552 2068 legionariorum
567 1969 730 2046 militurn
760 1972 911 2048 circiter
935 1957 1207 2074 ¹quadringenti

75 2088 115 2156 et
142 2083 270 2182 paullo
298 2084 397 2161 ultra
424 2111 512 2158 eum
538 2112 737 2162 numerum
764 2087 940 2164 classiarii
968 2095 1007 2162 et
1028 2091 1205 2190 remiges.

76 2196 324 2272 Alexandrini
350 2223 403 2274 eo
420 2199 505 2274 loco
532 2201 729 2284 castellum
757 2205 901 2304 magnis
928 2204 1201 2281 munitionibus

75 2318 285 2416 multisque
319 2321 518 2396 tormentis
552 2319 876 2394 confirmaverunt
901 2325 1036 2416 atque,
1064 2324 1201 2420 egestis

76 2456 124 2504 cx
151 2435 250 2506 mari
275 2433 479 2532 lapidibus,
520 2433 636 2509 libere
663 2441 752 2512 sunt
786 2434 843 2508 usi
869 2439 1000 2534 postea
1035 2433 1204 2507 admit-

75 2551 195 2623 tenda
223 2551 383 2650 navigia.

126 2693 189 2738 22.
208 2667 292 2738 Hoc
320 2665 547 2741 detrimento
573 2665 712 2741 milites
740 2665 858 2738 nostri
886 2670 1040 2738 tantum
1069 2664 1202 2738 abfue-

71 2792 165 2858 runt
205 2791 248 2858 ut
286 2785 627 2886 perturbarentur,
666 2790 711 2858 ut
749 2784 890 2885 incensi
925 2784 1051 2883 potius
1090 2791 1204 2884 atque

105 3020 189 3070 neque
205 3003 303 3053 arimin.
334 3001 451 3059 lurintus
467 3001 605 3073 praemitti

73 3079 149 3140 optat
166 3083 194 3120 et
209 3069 253 3120 vel
269 3081 306 3120 at.

104 3138 317 3188 administrandi.
335 3137 389 3189 vid.
406 3136 466 3188 lud.
484 3135 527 3188 M.

105 3224 185 3256 naves
201 3205 347 3256 adnotavit.
364 3204 403 3256 Eo
421 3214 552 3273 ternpore,
573 3212 604 3256 ut

71 3265 229 3326 Plutarchus
239 3273 270 3324 in
288 3273 363 3325 Caes.
380 3291 403 3324 e.
422 3281 466 3340 49,
484 3273 604 3342 Appian.

73 3339 102 3389 C.
131 3359 163 3402 2,
196 3359 236 3407 9⁰·
293 3376 298 3389 .
329 3345 397 3404 484,
415 3339 556 3392 Svetonius
574 3340 603 3390 in

71 3405 122 3459 Iul.
149 3427 172 3460 c.
196 3412 252 3470 64,
271 3359 335 3460 1llio
363 3407 468 3459 Cassius
493 3415 544 3474 42,
571 3417 603 3472 4⁰

72 3483 181 3526 narrant
194 3515 202 3536 ,
219 3475 269 3526 bec
280 3475 363 3527 animi
375 3477 520 3544 praesentio
538 3475 603 3527 cae-

71 3561 113 3594 sar
135 3545 209 3603 suit,
231 3552 261 3594 ut
283 3561 392 3594 manum
410 3543 515 3594 laevam¹
533 3544 604 3594 inter

70 3609 224 3662 natandum
236 3609 352 3669 levaret,
371 3629 405 3662 ne
416 3610 517 3672 libelli,
555 3627 603 3660 uos

72 3677 202 3738 tenebat,
227 3677 405 3748 madefierent.
435 3677 522 3731 Verbo
535 3629 603 3729 baec

72 3755 213 3796 monuerat
230 3743 364 3797 Brantius.
383 3745 443 3798 Etsi
460 3763 521 3796 vero
538 3746 603 3798 Sve-

71 3815 161 3863 tenins
181 3821 271 3882 negat,
305 3831 364 3864 eum
383 3812 603 3882 paludamentum

71 3879 217 3932 obiecisse:
239 3888 329 3932 tamen
347 3883 371 3934 A
411 3882 487 3932 ianus
505 3890 531 3931 ct
548 3879 602 3931 Dio

69 3945 119 3998 hoc
136 3947 300 4000 confirmant
311 3987 331 4017 ,¹
348 3899 498 4018 appmtque
515 3945 601 4006 adeo,

68 4013 267 4068 Alexandrinos
292 4014 359 4067 illnd
385 4015 518 4068 sublatum
547 4023 602 4066 tro-

69 4101 135 4151 paeo
153 4081 285 4135 adfixisse.
303 4083 422 4134 Fortasse
439 4083 597 4144 Suetonius,

69 4152 174 4232 qnippe
202 4152 358 4210 Romanus,
389 4151 431 4204 eui
447 4149 510 4202 talia
529 4159 603 4216 certo¹

67 4228 177 4286 cognrta
188 4237 243 4270 esse
252 4226 389 4288 poterunt,
403 4215 506 4272 disertis
513 4217 602 4272 verbis

69 4285 251 4346 addidit,non
260 4285 398 4338 dimissum
407 4285 600 4342 esseaCauare

69 4354 299 4424 paludamentum,
308 4361 340 4404 ut
347 4371 486 4414 rumorem,
494 4373 523 4404 ea
532 4351 564 4404 de
573 4371 601 4404 re

69 4421 602 4490 intercxtcrossparsum,suanurratione

671 3000 792 3072 obposita
800 3004 927 3056 vanitatis
939 3013 1065 3072 argueret.
1079 3002 1203 3058 Usserius

671 3077 761 3122 tamen
782 3071 906 3133 (Annei.
924 3089 951 3141 p.
970 3077 1037 3136 471)
1056 3081 1203 3124 ceterorum

671 3137 848 3190 narrationem
856 3138 1204 3210 Svetonianaeprael'ertM.

701 3205 792 3273 paullo
820 3207 892 3256 ultra
916 3225 939 3256 e.
963 3225 1031 3267 num.
1061 3206 1130 3258 Vera
1160 3213 1202 3257 est

671 3269 784 3324 duorum
807 3272 885 3326 codd¹
909 3271 1009 3339 lectio,
1033 3291 1115 3342 prope
1144 3292 1203 3324 eum

671 3357 811 3390 numerum.
833 3339 863 3392 Si
881 3342 922 3392 cui
940 3339 1017 3395 aliter
1034 3339 1159 3403 videtur,
1177 3341 1202 3394 lt

671 3425 685 3458 e
712 3407 798 3475 varin
818 3405 978 3460 lectionibus
1008 3407 1115 3472 (paullo
1139 3417 1203 3477 post

670 3493 727 3526 eum
744 3491 888 3536 nanterum,
904 3473 959 3535 vel,
976 3475 1067 3543 paullo
1081 3493 1137 3526 eum
1154 3495 1202 3524 nu-

669 3558 780 3602 merum,
797 3540 839 3594 vel
856 3561 870 3594 e
887 3541 1004 3612 vulgata,
1019 3542 1111 3612 paullo
1129 3543 1203 3596 ultra

670 3629 693 3660 e.
712 3612 801 3673 num.)
818 3609 954 3669 meliorem
972 3609 1060 3680 eligat.
1077 3611 1116 3660 M.

704 3689 805 3728 tantum
844 3677 980 3748 adjicerent
1018 3705 1051 3716 —
1077 3677 1202 3748 staerint.

649 3743 777 3806 *Credo,
804 3743 872 3798 bane
900 3764 955 3798 esse
981 3743 1148 3814 probabilem
1161 3742 1202 3794 le-

669 3815 804 3874 ctionem,
831 3815 950 3884 quiores
968 3813 1025 3882 ipss
1044 3812 1124 3863 talem
1141 3829 1202 3862 sen·

669 3899 730 3932 snm
748 3879 880 3950 postulate
903 3879 1004 3932 codices
1022 3889 1111 3931 tamur
1122 3877 1200 3930 valde

669 3948 833 4018 discrepant,
851 3957 877 4000 et
890 3948 969 3998 miras
982 3945 1108 3998 lectiones
1120 3943 1198 3997 exhi·

668 4013 751 4076 bont,
774 4031 806 4066 ex
828 4013 925 4086 quibus
947 4014 1002 4064 emi
1025 4014 1124 4084 poterit
1146 4011 1201 4064 tale

669 4081 752 4154 quid:
783 4079 845 4134 Hoc
871 4083 941 4152 datr.⁴
960 4100 1011 4131 acc.
1034 4081 1090 4131 mit.
1115 4079 1203 4132 nostri

668 4148 773 4200 minink
785 4161 843 4200 sunt
852 4148 1013 4216 perturbati,
1030 4147 1075 4199 sed
1087 4151 1198 4210 incensi,

668 4230 746 4286 arque
765 4233 882 4286 -magnos
909 4221 1064 4267 amessianes
1076 4221 1201 4286 secernant

668 4311 702 4324 -
719 4310 762 4335 -.
779 4285 822 4336 M.
847 4284 978 4337 Hactenus
996 4301 1089 4335 sensus
1105 4283 1200 4336 clanis-

668 4363 769 4404 tantam
790 4349 926 4423 abfuerunt
946 4369 964 4402 a
984 4352 1177 4420 perturbatione
1188 4385 1201 4412 ,

668 4432 857 4472 κί’-,ι
