3030 5318
342 401 429 460 ΗΟ
533 401 572 460 Α.
607 399 746 460 lllRTll
781 399 837 458 DE
871 397 1006 461 BELLO
1041 395 1258 458 ursicino
1389 393 1390 400 ’

330 595 417 670 inde
433 595 676 672 deturbarent
688 597 890 696 locumque
903 603 1097 696 caperent3
1124 595 1329 693 eodemque
1343 593 1454 670 iubet

309 750 311 754 ·
330 711 425 787 levis
442 719 655 788 armaturae
674 739 813 814 paucos
828 716 1006 811 consequi
1025 712 1201 786 subsidio.
1253 713 1329 806 Qui
1347 714 1454 786 missi

280 925 282 930 ,
311 827 523 916 celeriter,
562 830 745 904 Numidas
779 829 924 920 adorti,
956 834 1096 930 partim
1131 832 1240 904 vivos
1275 832 1453 930 capiunt,

330 945 530 1018 nonnullos
545 945 689 1043 equites
707 945 891 1046 fugientes
909 945 1278 1032 convulneraverunt
1293 943 1453 1041 locoque

328 1066 420 1134 sunt
454 1049 577 1158 potiti.
642 1062 849 1158 Postquam
874 1061 913 1134 id
938 1061 1125 1136 Labienus
1159 1057 1454 1147 animadvertit,

329 1202 408 1276 quo
423 1177 579 1252 celerius
593 1179 637 1252 iis
652 1178 832 1252 auxilium
847 1176 980 1268 ferret,
998 1201 1045 1250 ex
1056 1179 1135 1252 acie
1149 1177 1335 1250 instructa
1349 1175 1455 1272 equi·

329 1301 439 1372 tatus
457 1298 513 1368 sui
532 1319 648 1394 prope
674 1300 801 1370 totum
829 1295 1008 1368 dextrum
1035 1317 1153 1368 cornu
1179 1294 1320 1368 avertit
1337 1299 1454 1391 atque

329 1415 406 1486 suis
432 1412 661 1514 fugientibus
688 1409 877 1510 subpetias
903 1413 957 1484 ire
983 1410 1191 1484 contendit.
1255 1409 1367 1504 Quod
1386 1411 1453 1484 ubi

329 1532 468 1604 Caesar
481 1529 695 1629 conspexit,
713 1527 922 1612 Labienum
935 1525 982 1600 ab
995 1527 1072 1600 suis
1085 1528 1202 1624 copiis
1213 1529 1360 1628 longius
1375 1528 1453 1600 iam

327 1647 570 1733 abscessisse3
596 1645 788 1742 equitatus
807 1644 865 1718 sui
882 1641 982 1718 alam
999 1644 1189 1720 sinistram
1207 1643 1255 1718 ad
1268 1643 1454 1720 interclu-

330 1764 471 1838 dendos
490 1766 615 1837 hostes
631 1761 786 1840 inmisit.

380 1883 443 1966 4ο.
463 1879 556 1952 Erat
576 1879 615 1953 in
637 1900 682 1949 eo
705 1900 862 1974 campo,
884 1875 950 1950 ubi
975 1901 1019 1952 ea
1040 1901 1099 1952 res
1121 1866 1344 1978 gerebatur,
1361 1876 1452 1952 villa

327 1984 549 2092 permagna,
570 1997 732 2090 quatuor
753 1993 921 2066 turribus
945 1982 1154 2090 exstructa,
1172 2015 1268 2091 quae
1294 1991 1452 2066 Labieni

327 2115 572 2206 prospectum
592 2103 824 2206 inpediebat,
843 2133 888 2180 ne
906 2118 1031 2206 posset
1048 2109 1216 2212 animum
1233 2106 1450 2196 advertere,

328 2221 378 2296 ab
396 2221 568 2319 equitatu
586 2221 755 2296 Caesaris
773 2245 811 2296 se
823 2221 1045 2297 intercludi.
1105 2223 1237 2320 ltaque
1254 2245 1331 2294 non
1347 2221 1452 2320 prius

327 2339 428 2412 vidit
446 2335 591 2418 turmas
613 2336 794 2428 Iulianas,
808 2357 923 2440 quam
937 2359 1024 2412 suos
1040 2337 1146 2411 caedi
1160 2362 1184 2410 a
1197 2344 1305 2438 tergo
1317 2340 1451 2412 'sensit

329 2457 390 2532 Ex
408 2479 482 2554 qua
500 2454 691 2530 re‘subito
704 2455 744 2526 in
762 2459 944 2528 terrorem
974 2477 1155 2530 converso
1181 2455 1352 2552 equitatu
1377 2457 1452 2530 Nu·

331 2569 677 2666 midarum,‚recta
704 2570 743 2644 in
770 2574 895 2644 castra
922 2568 1051 2668 fugere
1079 2567 1304 2642 contendite
1351 2569 1453 2658 Galli

331 2681 597 2780 Germanique,
612 2685 676 2780 qui
688 2685 926 2773 restiterant,
943 2709 990 2756 ex
1003 2685 1193 2783 superiore
1209 2683 1295 2758 loco
1312 2689 1452 2783 etpost

330 2800 480 2897 tergum
508 2798 786 2887 circumventi,
816 2797 1039 2896 fortiterque
1064 2800 1452 2896 resistentes,conci-

331 2913 474 2992 duntur
499 2915 676 2991 universi.
726 2913 838 3008 Quod
852 2913 915 2989 ubi
929 2913 1093 3016 legiones
1117 2915 1320 3014 Scipionis,
1348 2939 1450 3012 quae

329 3049 398 3125 pro
426 3027 559 3106 castris
589 3035 697 3106 erant
726 3029 954 3119 instructae,
984 3030 1154 3106 animum
1180 3027 1451 3106 adverterunt:

328 3149 435 3218 metu
453 3169 497 3218 ac
519 3151 664 3220 terrore
693 3145 942 3236 obcaecatae,
966 3146 1141 3228 omnibus
1168 3147 1286 3245 portis
1313 3147 1352 3220 in
1381 3173 1452 3222 sua

329 3247 453 3340 castra
479 3261 607 3362 fugere
635 3269 853 3360 coeperunt.
914 3264 1069 3352 Postea,
1095 3264 1268 3364 Scipione
1293 3267 1452 3365 eiusque

328 3380 444 3478 copiis
471 3405 605 3483 campo
632 3376 861 3482 collibusque
887 3379 1097 3462 exturbatis
1118 3386 1231 3478 atque
1258 3382 1298 3462 in
1323 3392 1451 3465 castra

328 3495 548 3596 compulsis,
574 3517 691 3594 quum
709 3496 878 3594 receptui
894 3495 1031 3570 Caesar
1054 3499 1140 3570 cani
1165 3499 1330 3574 iussisset
1347 3505 1450 3601 equi-

327 3615 527 3707 tatumque
553 3633 704 3682 omnem
728 3609 830 3686 intra
856 3633 941 3694 suas
966 3612 1195 3688 munitiones
1225 3617 1449 3714 recepisset,

294 3793 296 3798 ,
328 3747 462 3824 campo
492 3728 675 3826 purgato,
697 3723 964 3808 animadvertit
992 3726 1149 3806 mirifica
1176 3751 1336 3830 corpora
1362 3730 1451 3810 Gal.

326 3961 409 4082 Vulpo
420 3976 448 4016 ut
458 3965 500 4016 ad.
511 3963 564 4020 Sed
574 3964 724 4044 coniunctio
730 3966 760 4022 iu
770 3965 849 4022 codd.
916 3965 1015 4028 lachim
1031 3975 1072 4020 est
1084 4005 1093 4028 .
1121 3975 1154 4022 ut
1167 3973 1177 4002 ⁹
1180 3967 1310 4023 eiusmodi
1323 3967 1425 4024 domus
1437 4009 1447 4032 ‚

326 4031 396 4086 Sca.
421 4040 448 4084 et
472 4030 548 4083 Leid.
571 4049 592 4083 r.
609 4031 703 4086 defien.
732 4033 774 4088 Gi·
792 4043 850 4113 not·
916 4035 946 4090 in
962 4053 1015 4105 qua
1031 4041 1189 4090 essentum
1210 4035 1331 4104 pluresve
1357 4045 1446 4090 turres

325 4097 359 4152 fid
377 4099 411 4154 G·
430 4107 468 4162 l,
498 4103 535 4152 16·
554 4098 604 4152 Pro
621 4101 787 4156 adcurrerent
803 4099 851 4158 alti
917 4100 950 4156 ad
962 4101 1191 4171 prospiciendum,
1204 4104 1260 4173 ipsa
1272 4122 1378 4173 qnoque
1390 4113 1445 4157 tur·

325 4179 493 4218 ocmrrarenr.
511 4167 553 4224 Cf.
571 4167 631 4224 lud.
730 4215 732 4222 ,
918 4169 955 4221 ris
966 4167 1105 4228 diceretur.
1123 4187 1148 4226 v.
1166 4168 1232 4226 lntt.
1249 4169 1351 4222 Tibulli
1370 4192 1397 4231 r,
1411 4174 1443 4236 8,

360 4283 413 4334 iam
428 4277 584 4332 abscessisse.
607 4275 734 4335 Oudend.
750 4279 779 4332 ld
796 4283 851 4334 iam
918 4247 960 4363 ᾖ
973 4235 1444 4373 {izffigqusffietffirffirffimcpffl

324 4341 432 4446 'adddit
448 4343 555 4448 61ωάἀῖ
917 4369 947 4420 in
963 4367 1124 4429 Palaestina.
1142 4371 1264 4448 Caesaris
1281 4373 1311 4422 iu
1327 4371 1442 4448 Apulia,

358 4433 422 4491 ralla
439 4461 471 4476 ·-
487 4435 600 4494 rmntios
617 4447 755 4496 exsaniata.
783 4435 849 4508 lndq
910 4436 1053 4514 ,Libxsonis
1070 4438 1238 4496 insaturata
1255 4447 1305 4496 nc.
