2998 5320
339 330 426 452 178
628 362 681 420 on
716 357 850 418 ontio
884 351 1143 437 nrsranmusr'

330 585 443 662 gnare
469 587 536 662 pro
558 587 665 636 muro
691 567 774 637 toto
801 569 1023 662 coeperunt:
1048 569 1201 662 propter
1227 563 1326 660 quod
1351 565 1435 638 fere

329 700 465 776 magna
484 702 566 773 pars
586 677 809 767 hominum„
826 680 886 773 qui
916 678 952 750 in
979 680 1110 750 castris
1125 679 1269 776 ,nostris
1290 685 1435 766 essent,

328 817 403 864 non
431 793 668 880 dubitarunt,
699 793 787 889 quin
814 794 1047 890 eruptionem
1072 817 1117 868 eo
1143 793 1200 868 die
1226 796 1346 868 essent
1372 795 1435 866 fa-

329 905 439 976 cruri.
466 907 523 976 lta
540 929 676 978 corona
692 906 940 995 circumdata,
958 913 1161 1006 pugnatum
1180 913 1236 979 est
1253 905 1434 1004 aliquam-

330 1016 393 1088 diu
408 1017 745 1102 vebemeutissime,
764 1020 944 1116 simulque
964 1019 1109 1092 ballista
1128 1023 1236 1106 nassa
1253 1044 1277 1090 a
1295 1021 1434 1090 nostris

328 1140 471 1206 turrem
495 1135 646 1208 deiecit:
674 1159 748 1231 qua
769 1135 1084 1224 adversariorum,
1111 1137 1172 1232 qui
1199 1138 1237 1208 in
1261 1159 1304 1208 ea
1326 1141 1433 1206 turre

327 1243 493 1335 fuerant,
519 1249 680 1344 quinque
706 1245 837 1322 delecti
856 1257 943 1322 sunt
960 1256 998 1322 et
1015 1271 1128 1347 puer,
1153 1251 1217 1346 qui
1242 1246 1433 1322 ballistam

329 1361 458 1434 solitus
484 1371 564 1436 erat
590 1363 799 1436 observare.
1225 1382 1230 1388 ’
1374 1383 1376 1389 ’

384 1484 441 1566 ι4.
467 1480 522 1552 Εο
540 1479 741 1576 praeterito
759 1485 942 1576 tempore,
960 1471 1156 1577 Pompeius
1171 1476 1429 1552 transflumen

329 1593 474 1668 Salsum
502 1593 695 1668 castellum
722 1594 935 1667 constituit:
963 1619 1081 1692 neque
1104 1597 1277 1684 anostris
1302 1597 1433 1694 probi-

299 1767 302 1770 .
327 1710 429 1782 bitus
444 1709 607 1808 falsaque
629 1709 690 1781 illa
712 1711 883 1807 opinione
901 1709 1079 1810 gloriatus
1095 1717 1173 1800 est,
1198 1711 1296 1807 quod
1314 1735 1432 1810 prope

328 1827 368 1898 in
387 1827 522 1898 nostris
538 1825 705 1923 partibus
716 1823 846 1896 locum
865 1827 1056 1901 tenuisset«
1108 1827 1205 1898 Item
1221 1827 1430 1923 insequenti

329 1941 389 2016 die
404 1942 532 2014 eadem
548 1939 814 2026 consuetudine
828 1938 915 2012 dum
929 1939 1073 2039 longius
1088 1943 1339 2039 prosequitur,
1353 1967 1433 2040 quo

327 2053 413 2128 loco
432 2056 574 2151 equites
594 2053 709 2128 nostri
727 2053 924 2126 stationem
941 2055 1169 2145 habuerant,
1190 2054 1332 2152 aliquot
1348 2062 1431 2130 tur-

326 2197 411 2247 mae
446 2197 533 2260 cum
568 2171 640 2256 levi
664 2175 877 2259 annulum,
910 2171 1036 2268 inpetu
1069 2172 1190 2254 facto,
1214 2171 1306 2244 ‘loco
1339 2179 1429 2248 suut

329 2289 494 2378 deiectae
514 2295 570 2378 et,
597 2272 748 2385 propter
767 2284 992 2384 paucitatem
1011 2291 1222 2360 nostrorum
1239 2289 1428 2384 equitum,

327 2401 438 2474 simul
455 2427 541 2476 cum
561 2401 634 2473 levi
652 2405 839 2474 armatura
859 2401 956 2472 inter
973 2409 1115 2474 brrmas
1133 2399 1430 2472 adversariorum

328 2521 519 2618 protritae.
552 2519 634 2591 Hoc
660 2519 926 2614 inconspectu
952 2521 1198 2612 utrorumque
1220 2522 1427 2594 castrorum

328 2633 545 2729 gerebatur:
572 2637 611 2704 et
637 2631 775 2704 maiore
792 2628 1005 2726 Pompeiani
1032 2629 1267 2730 exspltabant
1292 2629 1429 2729 gloria,

328 2746 485 2847 longius,
503 2746 621 2842 quod,
655 2746 788 2836 nostris
822 2743 1258 2842 cedentibusprosequi
1290 2747 1446 2840 coepis·'

330 2867 426 2932 sent.
478 2861 549 2951 Qui
577 2883 661 2930 curn
690 2858 813 2954 aliquo
839 2857 921 2942 loco
941 2883 960 2930 a
981 2859 1113 2930 uostris
1132 2860 1267 2956 recepti
1287 2867 1429 2950 essent,

330 2978 374 3044 ut
392 2977 649 3060 consuessent,
667 2963 710 3042 ex
728 2969 835 3042 simili
851 2973 988 3044 virtute
1007 2970 1166 3046 clamore
1184 2972 1301 3062 facto,
1318 2997 1430 3048 aver·

332 3088 402 3160 sati
422 3091 508 3180 sunt
528 3084 709 3182 proelium
728 3085 859 3158 facere.
990 3167 994 3173 ,
1205 3102 1208 3112 ·

384 3205 441 3276 15.
466 3204 557 3276 Fere
584 3203 680 3302 apud
707 3205 891 3277 exercitus
918 3204 1008 3278 baec
1028 3211 1083 3278 est
1103 3206 1280 3302 equestris
1299 3208 1427 3305 proelii

330 3319 585 3403 consuetudo:r
618 3343 732 3414 quum
761 3343 870 3414 eques
897 3320 942 3390 ad
970 3319 1240 3410 dimicandum,
1276 3324 1428 3400 dimisso

270 3457 278 3468 ⁵
331 3459 450 3532 equo,
480 3458 568 3508 cum
595 3432 718 3530 pedite
747 3433 1005 3531 congreditur,
1033 3459 1263 3532 nequaquam
1281 3464 1346 3536 par
1364 3439 1428 3510 ba*

329 3549 449 3622 betur.
507 3549 549 3624 ld
575 3547 676 3645 quod
702 3551 741 3620 in
759 3537 848 3622 ⁴boc¹
867 3541 1006 3623 accidit
1032 3553 1245 3627 certamine.¹
1300 3557 1427 3646 Quum
1474 3536 1477 3540 ⁵

343 3887 346 3893 i
361 3839 491 3910 folmqnea
514 3831 602 3904 Potius
611 3835 688 3910 firlsa
704 3827 729 3890 ε’
742 3837 845 3900 Nortia,
917 3883 920 3890 ,
944 3841 1428 3914 recepti.Glundorpiusmalitaxcapti:
1492 3841 1493 3848 '

333 3916 359 3960 ct
378 3906 462 3958 Petav.
481 3905 537 3958 cod.
554 3907 596 3958 Μ.
814 3960 817 3968 ,
945 3927 977 3957 erc
994 3909 1071 3960 simili
1088 3913 1189 3960 virture.»
1214 3911 1288 3981 Quid
1303 3912 1352 3966 boc
1374 3913 1429 3966 situ

333 3972 716 4034 ssimutuinriaviarmauwa.
731 3969 849 4026 Siclibri
876 4037 879 4042 Ι
912 3974 1104 4034 qultffltrm
1120 3975 1155 4028 ad
1171 3980 1302 4048 superiora
1318 3971 1427 4032 referen-

331 4037 404 4090 boni.
431 4035 514 4091 Vulo
539 4039 700 4108 sumque-t.
725 4060 754 4090 a..
771 4039 847 4096 malo.
913 4040 1155 4101 dum,.nortr·i.eor
1171 4059 1321 4114 exceperunt
1348 4049 1428 4100 simili

330 4106 370 4156 M.
388 4107 436 4156 Hic
447 4124 491 4158 rer
510 4124 526 4156 e
540 4107 617 4174 simul
632 4125 686 4158 oum
701 4107 750 4157 levi
762 4125 847 4158 nrma·
914 4113 1014 4159 virtute·
1024 4127 1077 4160 non
1094 4122 1230 4163 cesserunt
1247 4111 1296 4164 iis?
1323 4115 1365 4163 nn
1376 4113 1426 4166 cla-

331 4183 392 4222 tura
414 4167 547 4224 abundare
570 4172 710 4236 videntur,
738 4193 846 4243 esupa-
913 4191 1011 4232 morem
1029 4176 1151 4234 dicuntur
1167 4177 1301 4232 sustulisse
1318 4190 1425 4249 propter

128 4235 129 4238 ’
212 4307 215 4312 ¹
331 4235 445 4291 rioribus
463 4241 580 4308 repetita.
698 4279 699 4284 ,
914 4241 1028 4302 similem
1045 4243 1347 4302 nostrorumvirtutera?
1383 4249 1426 4297 aia

344 4303 453 4370 „aliquo
478 4305 545 4356 loco.
573 4303 653 4375 Lips„
668 4305 744 4360 malit
767 4325 847 4376 «equo
913 4318 1020 4362 nostrae
1041 4310 1166 4369 videbunt
1190 4322 1218 4368 et
1241 4315 1314 4383 ipsus
1334 4329 1366 4364 su
1400 4332 1425 4365 ra

332 4367 397 4419 loeo.
914 4373 1025 4454 aliquid,
1041 4377 1087 4456 Μ.

1105 4693 1117 4726 l
