3044 5316
264 385 269 396 ·
373 391 456 453 un.
491 393 586 456 car.
622 363 801 484 43-45.
1087 365 1150 482 43

36 581 286 688 sequebatur,
320 600 450 670 umen
482 599 627 672 virtute
651 599 747 673 vicit
771 595 1054 698 incmninodum
1081 623 1154 674 na·

36 713 136 782 turae
182 707 498 810 difficultatesque
531 715 663 788 hiemis
695 725 735 790 et
769 721 915 791 subitae
950 743 1152 818 praepara-

36 823 157 894 tionis.
213 825 337 914 Nam,
375 852 493 925 quum
533 829 610 929 ipse
649 856 788 928 pancas
820 835 860 904 in
892 839 1007 930 portu
1034 855 1151 905 naves

35 931 162 1032 longas
192 939 371 1029 baberet,
396 941 540 1016 litteras
564 948 603 1015 in
629 946 814 1018 Achaiam
834 944 882 1017 ad
901 948 948 1038 Q.
965 943 1154 1019 Kaleuum

36 1049 151 1139 misit,
184 1062 229 1124 ut
244 1055 311 1126 sibi
329 1055 484 1128 classem
503 1059 684 1132 mitteret.
727 1060 839 1151 Quod
866 1082 983 1157 quum
1009 1059 1154 1131 tardius

35 1163 168 1257 lieret,
197 1188 310 1266 quam
343 1172 553 1270 periculum
588 1181 802 1250 nostrorum
840 1173 1061 1280 flagilabat,
1088 1177 1155 1272 qui
1250 1183 1255 1192 '

37 1288 219 1359 sustinere
258 1291 430 1387 inpetum
462 1292 615 1364 Octavii
654 1317 729 1365 non
764 1282 964 1396 poterant;
990 1295 1153 1368 navibus

37 1408 235 1494 actuariis,
261 1431 422 1503 quarem
448 1429 626 1480 numerus
651 1417 734 1482 erat
759 1412 848 1482 satis
875 1433 1053 1508 magnus,
1072 1435 1156 1484 ma·

37 1519 232 1615 gnitudine
270 1545 500 1618 quamquam
527 1525 718 1596 nonsatis
751 1525 850 1595 iusta
883 1522 930 1594 ad
966 1523 1155 1620 proelian-

37 1633 144 1724 dum,
174 1641 298 1707 rostra
323 1638 501 1735 inposuit.
544 1639 612 1710 llis
635 1641 820 1710 adiunctis
846 1639 1006 1710 navibus
1032 1637 1155 1740 longis

38 1756 88 1838 et,
116 1775 280 1822 numero
306 1751 432 1824 classis
457 1759 598 1837 aucto,
625 1753 806 1827 militibus
834 1756 1019 1828 veteranis
1045 1755 1156 1854 inpo-

37 1865 130 1954 sitis,
160 1889 324 1962 quorum
350 1889 525 1966 magnam
546 1869 692 1972 copiam
711 1868 875 1942 habebat
900 1891 947 1942 ex
974 1869 1153 1942 omnibus
1252 1847 1259 1868 x

37 1973 267 2076 legionibus,
294 1981 358 2076 qui
377 2005 535 2054 numero
554 2005 753 2079 aegrorum
771 1982 890 2056 relicti
909 1989 1018 2056 crant
1038 1983 1157 2056 Brun·
1216 2019 1222 2026 ·

39 2093 138 2185 disii,
169 2121 288 2195 quum
315 2099 500 2170 exercitus
526 2099 565 2169 in
592 2098 792 2172 Graeciam
819 2105 1155 2199 transportaretur,

39 2214 233 2310 protectus
259 2221 316 2288 est
340 2215 379 2286 in
406 2213 596 2310 Illyricum
635 2215 932 2314 maritumasque
960 2213 1156 2290 nonnullas

40 2332 236 2422 civitates,
269 2355 364 2429 quae
399 2331 611 2404 defecerant
650 2332 887 2430 Octavioque
927 2355 965 2405 se
993 2331 1158 2406 transdi-

41 2446 203 2538 derant,
228 2451 364 2548 partim
382 2446 604 2546 recipiebat,
622 2448 760 2545 partim
779 2455 1015 2521 remanentes
1032 2448 1070 2520 ln
1088 2471 1156 2522 suo

41 2567 196 2639 consilio
216 2562 593 2664 praetervebebatur;
620 2586 689 2636 nec
707 2563 776 2636 sibi
796 2562 905 2638 ullius
931 2566 984 2638 rei
1011 2588 1157 2640 moram

40 2683 378 2781 necessitatemque
403 2679 642 2788 inlungpbat,
668 2679 784 2777 quin,
815 2704 930 2779 quam
965 2681 1156 2758 celerrime

40 2803 185 2890 posset,
209 2797 330 2894 ipsum
359 2795 561 2866 Octavium
589 2801 884 2892 persequeretur.
927 2797 1061 2886 Hunc,
1088 2796 1158 2869 ob·

40 2919 246 3011 pugnatem
265 2912 494 3012 Epidaurum
514 2915 614 2983 terra
632 2911 821 3008 marique,
849 2911 910 2986 ubi
940 2921 1154 2988 nostrorum

43 3040 119 3104 erat
157 3030 408 3128 praesidium,
441 3026 607 3100 adventu
642 3047 711 3098 suo
746 3025 933 3104 discedere
960 3029 1006 3103 ah
1034 3030 1159 3132 obpu-

42 3145 221 3245 gnatione
247 3145 370 3243 co'e'git
404 3139 700 3241 praesidiumque
727 3148 897 3217 nostrum
923 3145 1077 3241 recepit.

88 3261 154 3348 45.
184 3260 389 3347 Octavius,
414 3280 531 3354 quum
549 3254 741 3328 Vatinium
768 3254 923 3330 classem
949 3281 1084 3356 magna
1111 3279 1159 3332 ex

41 3381 149 3472 parte
192 3372 412 3446 confectam
430 3394 477 3443 ex
503 3366 686 3440 naviculis
718 3369 895 3442 actuariis
930 3367 1065 3442 babere
1093 3392 1160 3442 co·

43 3490 263 3588 gnovisset,
289 3487 449 3562 confisus
475 3509 543 3556 sna
568 3482 704 3571 classe,
730 3482 899 3558 substitit
925 3481 972 3558 ad
998 3483 1159 3562 insulam

43 3591 272 3696 Tauridem,
298 3626 372 3706 qua
397 3601 548 3699 regione
574 3596 746 3670 Vatinius
779 3597 975 3696 insequens
1002 3599 1161 3706 naviga-

44 3716 134 3803 bat,
173 3739 248 3788 non
282 3715 382 3814 quod
415 3713 621 3788 Octavium
647 3710 699 3783 ibi
726 3711 903 3784 restitisse
937 3713 1072 3802 sciret,
1097 3708 1168 3784 sed·

9 3913 10 3926 q
46 3830 148 3928 quod
182 3853 269 3914 eum
301 3830 447 3930 longius
480 3848 717 3928 progressum
751 3825 894 3922 insequi
933 3823 1161 3900 decreverat.
