3044 5316
209 404 213 413 “
317 413 373 478 ta
432 381 442 393 ’
499 411 538 479 Α.
573 411 713 470 Hrnru
748 409 803 468 oa
839 367 974 468 Burro
1011 408 1230 470 turrino.

286 626 480 720 'magnam
505 632 623 691 nutem
649 641 786 689 moram
811 628 846 690 et
870 615 1115 711 difficultatem
1146 614 1360 689 adscensum
1387 617 1434 686 in

308 761 415 812 naues
448 735 602 821 habere,
633 737 846 830 praesertim
871 758 919 806 ec
943 732 1118 830 scaphis:
1143 756 1323 804 summam
1354 755 1436 805 esse

307 862 429 923 contra
447 852 486 920 in
502 847 761 922 Alexandrinis
777 849 1018 938 uelocitatem,
1033 848 1261 944 locorumque
1277 860 1312 919 et
1328 845 1437 938 affl·

295 959 473 1060 fictorum
502 967 688 1035 notitiam:
707 962 773 1035 ltos
787 967 981 1061 praecipue
997 968 1036 1034 in
1054 965 1204 1038 uictoria
1220 961 1435 1042 insolentes,

304 1105 563 1178 praecursuros
588 1094 623 1155 et
648 1081 725 1152 loca
750 1077 948 1153 excelsiora
964 1093 1071 1178 atque
1088 1072 1438 1173 aedificia'occupa-

307 1211 434 1282 turos‚·
451 1202 510 1270 ita
528 1195 630 1296 suga
655 1195 874 1295 navibusque
899 1209 1039 1269 nostros
1052 1195 1325 1292 prohibituros:
1348 1219 1439 1291 pro·

299 1313 390 1407 inde
413 1317 491 1388 eius
516 1312 659 1384 cornilii
693 1311 986 1387 obliviscerentur
1024 1323 1130 1409 atque
1163 1313 1265 1380 omni
1293 1313 1439 1382 ratione

306 1452 384 1502 esse
410 1427 622 1502 uincendum
648 1432 859 1527 cogitarent.
1207 1497 1213 1506 ,

359 1571 396 1645 9.
417 1549 498 1620 Hac
526 1547 695 1619 oratione
722 1545 822 1644 apud
848 1569 935 1617 suos
961 1543 1092 1616 hahita
1119 1548 1234 1640 atque
1261 1539 1440 1615 omnium

308 1661 498 1734 mentibus
516 1661 712 1750 excitatis,
735 1659 801 1733 dat
822 1659 1112 1734 Centurionibus
1132 1655 1349 1755 negotium,
1369 1660 1439 1746 ut,

308 1773 461 1872 reliquis
500 1777 674 1874 operibus
711 1776 957 1862 intermissis,
985 1772 1033 1846 ad
1058 1769 1256 1844 fodiendas
1298 1773 1436 1864 puteos

310 1891 478 1962 animum
497 1889 712 1982 conferant,
731 1915 825 1964 neve
845 1915 959 1989 quarn
977 1895 1125 1986 partem
1143 1885 1318 1957 nocturni
1339 1889 1440 1954 tem-

309 2009 409 2106 poris
427 2007 693 2081 intermittant.
721 2011 807 2100 Quo
834 2013 1009 2105 suscepto
1027 2003 1200 2106 negotio,
1220 2008 1335 2099 atque
1354 2025 1438 2074 om-

310 2128 415 2200 nium
439 2127 572 2198 animis
599 2124 646 2197 ad
673 2123 841 2196 laborem
862 2124 1050 2206 incitatis,
1071 2146 1210 2220 magna
1229 2145 1305 2194 una
1324 2125 1439 2194 nocte
1514 2160 1518 2164 ·

310 2239 367 2318 vis
394 2267 513 2339 aquae
540 2240 658 2314 dulcis
683 2242 839 2313 inventa
866 2248 933 2313 est.
991 2243 1050 2312 lta
1077 2239 1242 2338 operosis
1269 2237 1438 2312 Alexan-

312 2357 506 2432 drinorum
522 2356 864 2430 machinationibus
882 2342 1137 2452 maximisque
1150 2352 1346 2426 conatibus
1359 2375 1441 2424 non

310 2469 410 2571 longi
441 2473 621 2570 temporis
647 2469 774 2544 labore
801 2493 1002 2544 occursum
1022 2476 1091 2542 est.
1109 2469 1166 2569 Eo
1192 2467 1308 2540 biduo
1334 2466 1435 2568 legio

311 2589 493 2666 XXXVII
519 2613 567 2662 ex
585 2587 763 2661 dedititiis
781 2585 1015 2686 Pompeianis
1029 2584 1227 2670 militibus,
1247 2609 1335 2658 cum
1353 2585 1437 2658 fru-

312 2716 465 2796 mento,
492 2707 631 2794 armis,
657 2704 766 2794 telis,
800 2705 1024 2794 tormentis,
1064 2704 1226 2802 inposita
1252 2704 1291 2776 in
1318 2729 1436 2779 naves

241 2825 246 2838 '
314 2825 521 2900 aDomitio
541 2821 724 2911 Calvino,
752 2819 798 2893 ad
825 2818 938 2894 litora
964 2819 1141 2910 Africae,
1167 2821 1293 2920 p‘aullo
1321 2847 1434 2921 supra

313 2937 599 3027 Alexandriam,
627 2936 750 3010 delata
777 2937 846 3010 esti
872 2937 953 3010 Hae
972 2959 1087 3008 naves
1113 2937 1237 3022 Euro,
1263 2938 1328 3034 qui
1346 2938 1437 3033 mul·

202 3138 203 3141 ,
312 3059 373 3134 tos
399 3057 475 3130 dies
501 3056 739 3130 continenter
766 3052 906 3144 tiabat,
934 3054 1088 3152 portum
1106 3077 1239 3152 capere
1259 3057 1438 3154 prohibe-

314 3173 478 3274 bantur:
506 3171 570 3245 sed
597 3171 681 3244 loca
707 3177 795 3244 sunt
822 3173 970 3271 egregia
996 3170 1100 3243 omni
1126 3169 1190 3242 illa
1216 3171 1367 3270 regione
1389 3171 1437 3243 ad

313 3292 494 3364 tenendas
522 3312 689 3362 ancoras.
722 3287 771 3360 Hi
804 3308 921 3384 quum
948 3285 1012 3359 diu
1038 3287 1294 3362 retinerentur
1320 3295 1436 3384 atque

314 3423 433 3502 aquae
460 3405 584 3503 inopia
612 3410 895 3502 premerentur,
923 3402 1073 3503 navigio
1101 3404 1270 3477 actuario
1298 3400 1440 3474 Caesa-

313 3546 395 3596 rem
422 3519 567 3594 faciunt
594 3520 808 3592 certiorem.

369 3654 427 3708 ιο.
444 3637 603 3722 Caesar,
629 3641 671 3707 ut
698 3659 764 3733 per
782 3657 820 3706 se
847 3631 1044 3706 consilium
1072 3635 1244 3730 caperet,
1263 3629 1354 3728 quid
1381 3629 1399 3702 f
1422 3670 1439 3688 ·

315 3753 492 3828 ciendum
508 3751 730 3841 uideretur,
750 3751 877 3824 navim
897 3747 1116 3823 conscendit
1142 3753 1257 3845 atque
1285 3771 1439 3820 omnem

314 3873 472 3947 classem
498 3897 535 3946 se
561 3873 666 3969 sequi
695 3871 827 3959 iussit,
854 3868 964 3943 nullis
991 3871 1128 3942 uostris
1162 3867 1345 3942 militibus
1376 3869 1439 3940 in-

312 3975 468 4089 positis3
496 3985 622 4086 quod,
650 4009 768 4089 quum
793 3985 940 4087 longius
959 3985 1084 4088 paullo
1104 3983 1335 4069 discederet,
1354 4006 1439 4083 mu·

346 4213 506 4263 intermissis.
535 4207 603 4260 Edd.
631 4213 695 4260 vett.
719 4211 839 4268 omissis,
940 4208 967 4255 in
984 4221 1070 4258 naves.
1092 4202 1207 4256 Iurinius
1224 4201 1309 4256 credit
1326 4199 1438 4254 excidis·

313 4277 383 4350 quod
408 4279 509 4330 lectum
525 4276 561 4330 ob
578 4293 692 4350 sequens
711 4279 840 4347 interruit*
906 4291 933 4326 se
953 4276 1098 4324 onerarias.

313 4360 469 4466 'aiteram
486 4413 580 4486 Pomp.
597 4410 676 4466 cont.
700 4407 731 4466 B.
754 4408 785 4464 C.
803 4407 838 4474 3,
940 4417 969 4456 ut
988 4423 1037 4474 per
1059 4423 1086 4458 se
1111 4405 1179 4480 (ipse
1206 4405 1340 4484 praesens)
1364 4415 1436 4454 cons.

313 4501 354 4558 99·
373 4483 510 4547 Callarius.
907 4477 962 4547 stip.
977 4475 1020 4528 M.
