3044 5316
422 365 504 426 uu.
537 365 630 427 cle.
669 331 846 459 37-40.
1149 337 1209 466 39

87 585 196 636 mam
223 569 372 640 sextam
396 562 581 664 legionem
607 568 645 639 in
672 566 807 642 dextro
834 589 951 640 cornu
979 565 1212 662 conlocavit,
1248 621 1250 628 -

3 739 4 750 ,
88 673 292 750 Ponticam
317 679 356 750 in
383 681 555 754 sinistro:
590 681 757 756 Deiotari
792 681 956 782 legiones
981 683 1019 754 in
1046 681 1211 780 mediam

87 791 215 864 aciem
240 791 426 878 contulit,
451 793 586 894 quibus
607 803 734 870 tamen
757 796 1061 898 angustissimum
1076 794 1212 870 frontis

84 905 247 1006 reliquit
271 909 532 1001 intervallum,
559 911 711 1012 reliquis
737 911 956 988 cohortibus
980 913 1017 986 in
1039 912 1212 987 subsidiis

3 1131 4 1140 ἵ
83 1027 311 1102 conlocatis.
338 1029 422 1118 Sic,
448 1031 637 1130 utrimque
660 1033 740 1106 acie
762 1033 969 1124 instructa,
994 1055 1210 1132 processum

3 1169 4 1222 1
84 1152 145 1218 est
171 1145 222 1218 ad
248 1145 515 1220 dimicandum.

137 1262 203 1346 40.
230 1261 346 1362 Signo
373 1262 442 1334 sub
469 1261 568 1334 idem
586 1265 737 1360 tempus
754 1263 800 1336 ab
814 1268 976 1364 utroque
995 1261 1104 1356 dato,
1122 1289 1211 1340 con·

82 1376 275 1450 curritur:
304 1377 448 1454 acriter
465 1377 643 1476 varieque
669 1386 880 1480 pugnatun
907 1406 994 1456 nam
1021 1382 1212 1458 tricesima

79 1498 197 1566 sexta
226 1493 323 1594 legio
349 1518 468 1592 quum
496 1501 604 1568 extra
631 1493 767 1568 fossam
792 1496 831 1570 in
854 1499 1065 1596 equitatum
1099 1500 1231 1600 Regis

78 1609 262 1710 inpetum
305 1611 477 1701 lecisset,
514 1610 607 1684 adeo
638 1612 846 1710 secuudum
883 1615 1066 1714 proelium
1101 1617 1211 1710 lecit,

77 1730 128 1797 ut
164 1725 363 1800 moenibus
395 1725 520 1826 oppidi
545 1726 763 1800 succederet
788 1728 999 1830 fossamque
1031 1733 1211 1808 transiret

3 1871 4 1878 1
77 1863 313 1940 aversosque
332 1843 457 1918 hostes
475 1839 755 1944 adgrederetur.
790 1843 842 1918 At
857 1845 1017 1918 Pontica
1032 1869 1078 1920 ex
1093 1844 1211 1920 altera

78 1960 194 2050 parte
208 1955 318 2054 legio,
333 1981 450 2054 quum
466 1954 677 2056 paullulum
690 1979 821 2032 aversa
835 1959 1005 2034 hostibus
1022 1959 1212 2050 cessisset,

77 2068 225 2145 fossam
243 2078 372 2144 autem
390 2072 589 2144 circumire
611 2072 741 2169 (acies)
761 2071 927 2146 secundo
945 2079 1081 2148 conata
1097 2080 1216 2166 esset,

77 2193 126 2262 ut
141 2194 278 2286 aperto
297 2187 414 2262 latere
433 2186 702 2288 adgrederetur
715 2189 884 2278 bostem,
898 2189 935 2261 in
949 2190 1030 2290 ipso
1047 2191 1211 2264 transitu

3 2321 4 2344 l
75 2299 209 2377 fossae
229 2306 376 2406 confixa
398 2311 437 2377 et
454 2305 628 2403 obpressa
656 2311 713 2378 est
728 2331 739 2390 3
752 2305 919 2379 Deiotari
940 2329 1029 2418 verp
1047 2303 1212 2406 legiones

77 2418 150 2490 vix
171 2409 342 2518 inpetum
360 2421 634 2492 sustinuerunt.
681 2421 740 2492 lta
759 2421 934 2492 victrices
948 2419 1061 2519 Regis
1079 2422 1210 2520 copiae

75 2555 207 2604 cornu
242 2557 310 2606 suu
342 2534 476 2606 dextro
518 2534 716 2631 mediaque
753 2534 834 2606 acie
866 2539 1136 2606 converterunt
1169 2558 1209 2606 se

76 2648 128 2720 ad
147 2650 378 2722 tricesimam
397 2657 544 2724 sextam
562 2633 769 2752 legionem,
795 2674 890 2748 quae
908 2655 1036 2724 lamen
1056 2647 1209 2726 fortiter

74 2769 318 2842 vincentium
327 2771 504 2868 inpetum
525 2769 724 2858 sustinuit,
741 2767 886 2867 magnis
904 2769 1020 2868 copiis
1039 2767 1207 2844 hostium

75 2883 338 2973 circumdata,
355 2883 655 2982 praesentissimo
675 2885 800 2956 animo
819 2906 987 2982 pugnans
1001 2883 1039 2955 in
1059 2881 1207 2974 orbem,

74 3025 120 3072 se
137 3003 281 3100 recepit
300 3001 345 3072 ad
364 3000 507 3073 radices
534 3000 741 3088 montium,
769 3022 844 3097 quo
867 3000 1077 3074 Pharnaces
1104 3001 1208 3074 inse·

72 3116 175 3212 qui,
205 3120 356 3213 propter
378 3115 614 3211 iniquitatem
642 3111 736 3203 loci,
754 3112 888 3186 noluit.
951 3115 1024 3204 lta,
1044 3115 1204 3188 Pontica

72 3229 230 3328 legione
246 3253 363 3329 paene
381 3236 464 3302 tota
482 3229 636 3320 amissa,
648 3252 784 3330 magna
802 3233 909 3328 parte
927 3229 1092 3302 Deiotari
1112 3228 1208 3302 mili·

110 3537 139 3586 in
157 3533 284 3587 subsidiis.
300 3531 402 3585 Omnes
419 3533 537 3596 codices,
562 3549 610 3587 ex·

4 3651 5 3662 2
70 3623 106 3657 ce
128 3613 159 3654 to
176 3602 335 3667 Davisiano,
353 3605 381 3652 in
397 3602 514 3653 insidiis:
532 3602 609 3654 male.

69 3622 127 3724 lid
138 3670 164 3722 E
180 3670 328 3721 coniectura
345 3667 506 3738 Glandorpii
528 3668 609 3722 dede·

70 3747 118 3791 rat
128 3736 247 3790 Ursinus
259 3735 389 3798 sulisidiis,¹
403 3747 505 3790 secutus
516 3735 609 3790 Deris.

68 3825 88 3858 e
108 3804 171 3858 cod.
187 3803 293 3856 Norvic.

108 3889 276 3939 aversosque.
312 3869 381 3922 Rene
398 3872 437 3924 sic
454 3889 485 3922 ex
503 3871 609 3940 ingenio

69 3939 243 3992 ciacconius.
263 3937 411 4008 'Conspirst
435 3938 475 3990 ed.
501 3939 607 3992 Norvic.

69 4010 129 4060 Ast
152 4005 214 4058 edd.
237 4013 301 4056 vett.
327 4005 512 4074 adversusque,
537 4005 608 4058 uude

4 4111 5 4130 i
69 4073 145 4129 scal.
165 4075 344 4140 adversosque.
363 4075 462 4192 inepte.

4 4199 5 4202 Ἴ
109 4143 211 4206 (acies)
229 4140 344 4190 secundo.
361 4140 413 4192 Ver
433 4158 447 4190 a
464 4147 606 4210 conmpts:

4 4205 5 4234 ³
70 4209 189 4279 ideoque
206 4205 277 4258 locus
294 4204 453 4260 obscuritate
469 4205 607 4268 laborare,

69 4287 157 4396 atque
175 4272 269 4393 aliquql
282 4273 446 4392 (tiuisclqsrdo
463 4275 607 4346 interprete

72 4362 104 4395 sn
152 4361 196 4394 ere
224 4358 251 4392 vr
270 4359 335 4392 eur.
386 4359 404 4392 n
434 4361 522 4394 museo
551 4359 607 4393 non

74 4361 167 4466 assidu
180 4408 305 4479 ‚equidem
321 4406 386 4462 talia
403 4407 543 4480 explicere.
566 4409 607 4460 M.

676 3526 768 3587 Daris.
788 3535 951 3606 sospitatur.
971 3530 1052 3586 verbs
1073 3537 1140 3590 aster
1164 3547 1207 3588 se·
1239 3587 1241 3594 ,

676 3602 758 3654 mado
779 3601 953 3674 expungenda
976 3611 1004 3654 et
1024 3619 1072 3671 pro
1093 3608 1207 3654 transitu

676 3666 725 3738 leg.
747 3673 860 3720 circuitu.
885 3669 994 3740 Lipsius
1015 3667 1116 3786 telgebat
1138 3673 1208 3720 acies

675 3736 795 3788 sananda.
823 3738 933 3807 Adripit
957 3736 1008 3790 hoe

1047 3737 1150 3788 sicinius
1178 3743 1209 3788 st

661 3802 728 3868 ‚legi
745 3803 856 3858 suadet:
886 3821 964 3874 quom
979 3823 1005 3872 p.
1022 3807 1137 3854 adversis
1154 3801 1207 3853 leo·

676 3873 755 3922 ssibus
777 3890 838 3923 cers,
858 3873 881 3942 fi
902 3891 928 3922 a.
950 3876 1065 3923 transire
1086 3873 1152 3921 acies
1169 3886 1206 3922 se·

675 3941 757 3990 weida
771 3951 867 4012 portata
884 3951 958 3991 esset.

675 4063 865 4166 ”tw
884 4063 926 4162 232·
946 4042 1204 4164 stetisses:

674 4182 755 4250 Regio
772 4188 799 4232 et
816 4179 898 4236 luein.
918 4180 946 4230 iu
964 4178 1107 4231 llleadiano
1126 4187 1204 4248 r'epe-

674 4267 729 4301 rere
743 4252 1009 4317 praesentissimoque.

673 4345 735 4466 hg:
756 4341 849 4399 orbem.
873 4339 905 4395 V.
922 4349 979 4393 not.
997 4337 1030 4394 ad
1050 4339 1095 4393 Al.
1116 4346 1155 4396 15·
1176 4346 1207 4396 et
