3030 5318
1185 285 1205 318 i

358 346 448 458 158
549 380 588 441 r.
621 377 759 440 muru
792 377 848 438 uu
883 378 1016 440 uacuo
1049 377 1260 444 nrnrcruo

350 593 453 662 terra
486 584 653 681 marique
686 581 833 656 clausus
865 607 904 656 ee
939 581 1029 656 nihil
1062 581 1239 680 proficere
1272 577 1458 656 intellexit

339 721 512 796 tsuosque
545 703 612 770 aut
645 697 861 771 interfectos
893 703 961 770 aut
986 697 1133 795 fugatos
1149 749 1161 788 ,
1178 763 1180 770 ,
1196 697 1249 770 Μ.
1275 696 1460 774 Catonem

345 817 486 889 ‘Uticae
505 814 574 888 sibi
591 813 711 912 ipsum
729 837 861 886 manus
883 809 1079 901 intulisse,
1095 813 1236 910 Regem
1255 835 1392 910 vagum
1408 811 1459 882 ab

343 931 501 1028 unisque
527 929 714 1002 desertum
739 927 787 1002 ab
814 927 985 1010 omnibns
1011 927 1244 1024 adspernari,
1273 925 1460 999 Saturam

339 1045 505 1140 eiusque
532 1029 662 1140 copias
682 1041 729 1114 ab
755 1041 849 1114 Sitia
876 1061 951 1113 esse
978 1039 1143 1130 deletas,
1168 1041 1311 1112 Uticae.
1326 1040 1462 1112 Caesa-

280 1202 283 1222 ι
339 1185 432 1258 reru
452 1161 528 1232 siue
548 1181 652 1232 mora
670 1163 891 1255 receptum,
915 1157 960 1230 de
978 1163 1086 1232 tanto
1104 1159 1270 1235 exercitu
1283 1157 1462 1253 reliquias

355 1300 432 1348 esse
460 1273 597 1362 nullas,
635 1260 823 1370 quaesibi
849 1270 999 1369 suisque¹
1021 1271 1154 1346 liberis‘
1169 1272 1407 1373 prodessent3
1436 1297 1460 1362 a

351 1392 510 1464 Caninio
523 1386 770 1478 Proconsule,
788 1388 853 1486 qui
868 1412 952 1460 eum
967 1387 1179 1478 obsidebat,
1198 1388 1269 1462 fide
1283 1395 1460 1486 accepta,

357 1531 469 1606 seque
487 1514 526 1580 et
547 1530 613 1580 sua
639 1504 764 1582 omnia
788 1510 831 1605 et
854 1502 1031 1602 oppidum
1048 1504 1263 1578 Proconsuli
1289 1501 1462 1579 transdits

409 1631 471 1720 94.
495 1624 579 1696 Rex
592 1623 739 1694 interim
753 1619 877 1714 3loba,
894 1620 941 1696 ab
966 1620 1136 1710 omnibus
1158 1623 1373 1698 civitatibus
1394 1647 1464 1695 ex-

336 1737 505 1827 clusus,
530 1735 723 1834 desperata
748 1733 892 1822 salute,
917 1750 1032 1829 quum
1059 1735 1132 1808 iarn
1160 1741 1337 1810 coenatus
1360 1741 1464 1821 esset

317 1834 319 1852 ¹
359 1877 445 1928 cum
473 1851 640 1938 Petreio,
675 1855 718 1924 ut
742 1871 808 1946 per
835 1847 1013 1920 virtutem
1039 1848 1223 1922 interfecti
1251 1874 1327 1922 esse
1352 1849 1464 1922 vide-

356 1975 509 2055 rentur,
536 1965 633 2038 ferro
650 1966 749 2042 inter
765 1987 803 2034 se
820 1960 1059 2060 depugnante
1098 1970 1210 2060 atque
1236 1964 1378 2038 tirmior
1402 1967 1460 2040 in·

340 2080 586 2156 ·beciliiorem
612 2077 703 2150 Iuba
738 2078 924 2152 Petreium
965 2075 1072 2149 facile
1111 2078 1209 2152 ferro
1243 2080 1460 2152 'consumsit

342 2195 498 2270 Deinde
514 2194 590 2291 ipse
616 2192 684 2263 sibi
711 2213 827 2287 quum
858 2196 1058 2264 conaretur
1091 2190 1213 2288 gladio
1239 2192 1456 2266 transiicere

357 2289 516 2412 nectus,
542 2332 609 2380 nec
637 2314 778 2402 posset,
805 2305 974 2404 precibus
993 2329 1017 2378 a
1034 2329 1141 2380 servo
1159 2331 1227 2381 suo
1244 2309 1463 2408 inpetravit,

337 2433 402 2506 ,ut
425 2452 467 2498 oe
492 2421 737 2506 interficeret,
768 2419 876 2517 idque
903 2418 1078 2498 obtinuit.
1219 2500 1246 2506 ..

338 2607 342 2620 ,
410 2543 472 2638 95,
498 2541 539 2612 P.
574 2539 688 2618 Sitius
721 2537 921 2624 interim,v
945 2533 1050 2632 pulso
1089 2537 1255 2610 exercitu
1295 2538 1461 2612 Sahurae

342 2653 543 2728 Praefecti
569 2652 701 2746 lubae,
728 2651 879 2747 ipsoque
897 2649 1114 2752 interfecto,
1141 2675 1256 2747 quum
1274 2651 1345 2723 iter
1371 2675 1462 2724 cum

334 2763 488 2865 ,paucis
513 2788 580 2864 per
602 2761 866 2836 Mauritaniam
893 2763 938 2834 ad
956 2765 1149 2837 Caesarem
1167 2765 1328 2854 taceret,
1360 2763 1475 2836 forte.

359 2881 491 2954 incidit
515 2879 553 2951 in
579 2877 759 2950 Faustum
786 2875 1074 2976 Airauiumque,
1109 2877 1172 2980 qui
1198 2899 1285 2950 eam·
1306 2901 1465 2950 manum

392 3058 515 3109 intulisse.
533 3053 588 3107 Atii
605 3053 736 3106 adtulisse.
773 3053 777 3062 ⁴
887 3058 891 3068 “
946 3055 1109 3118 interfecisse
1126 3055 1255 3108 scribitur.
1272 3055 1350 3110 Unde
1367 3057 1396 3106 in
1414 3075 1466 3107 no-

392 3126 482 3196 Sr'tr'ur.
499 3141 523 3176 e·
540 3125 581 3177 36.
600 3125 639 3185 48.
657 3122 698 3182 Μ.
738 3131 741 3136 “
946 3131 1001 3174 stro
1012 3121 1068 3174 lnco
1080 3121 1216 3182 Rubenius
1224 3123 1365 3193 reponebat
1373 3124 1466 3174 Iudam

393 3192 494 3258 nullas,
538 3206 585 3238 uae
606 3189 660 3238 ribi.
684 3187 728 3240 Sic
747 3185 823 3239 codd.
848 3195 875 3238 ct
947 3189 1072 3240 Petreius.
1106 3187 1159 3242 Sed
1188 3192 1217 3240 iu
1247 3209 1273 3241 re
1296 3191 1396 3241 incerta
1423 3190 1467 3248 nii

360 3259 420 3313 add.
434 3267 497 3310 vett.
514 3207 874 3322 gedreoeutioresqur'beid.
903 3293 907 3301 .
947 3253 1110 3308 mutandum.
1145 3253 1232 3324 Quid,
1268 3254 1337 3326 quod
1365 3255 1465 3309 Sextus

363 3342 385 3378 r.
415 3328 464 3390 ita:
499 3323 596 3383 nauus:
625 3326 679 3392 ipsc
705 3323 750 3372 sibi
775 3325 875 3390 suisque
946 3323 1028 3379 liuius
1057 3324 1097 3377 in*
1115 3321 1243 3384 breviario
1270 3341 1291 3374 c.
1322 3331 1345 3386 4.
1372 3323 1466 3374 Iubam

337 3391 403 3444 'tto
421 3411 438 3441 n
456 3390 521 3442 Can.
922 3445 925 3450 ,
946 3387 1053 3440 nrorte'm
1076 3390 1122 3439 ribi
1140 3394 1247 3458 propriu
1267 3407 1344 3440 manu
1364 3394 1465 3440 corrrct-

393 3469 519 3509 coenatus.
548 3453 594 3508 Sic
619 3453 752 3523 Rubenius
777 3454 874 3518 (Elect.
946 3461 1010 3512 risse
1034 3455 1116 3510 dicit?
1143 3456 1223 3512 Porro
1247 3454 1313 3508 bene
1339 3454 1465 3508 Bar-thius

362 3539 391 3586 ι,
419 3527 463 3587 ιο)
479 3521 617 3588 vulgatum
633 3535 736 3572 conatus
753 3521 874 3573 emendae
946 3522 1015 3574 Adv.
1036 3523 1078 3583 16,
1103 3527 1125 3578 5.
1143 3531 1248 3582 monet,
1266 3522 1397 3573 Petreium
1420 3526 1464 3572 in·

337 3594 413 3650 ,rin
437 3586 610 3660 probantibus
630 3587 739 3640 Davisio
762 3597 789 3642 et
805 3587 872 3640 Oud.
907 3626 910 3637 .
945 3589 1097 3642 beriitiorem
1112 3589 1166 3643 diei
1189 3590 1223 3642 in·
1239 3587 1298 3640 loco
1319 3596 1409 3640 nostro
1434 3597 1464 3640 et

362 3658 535 3723 (coniectaret
551 3664 578 3707 et
594 3654 747 3719 Gruterus).
771 3655 812 3706 -Et
833 3663 874 3705 est
936 3655 1089 3728 firmiorem
1100 3657 1202 3715 Iubam
1218 3655 1286 3708 uude
1298 3655 1392 3706 mirum
1405 3672 1464 3707 uon

338 3741 475 3782 'uecesse,
499 3731 530 3774 ut
551 3723 588 3775 tic
609 3720 722 3800 legatur,
741 3721 795 3774 sive
811 3719 873 3772 Flo·
900 3753 907 3762 -
946 3724 996 3799 sit,
1013 3721 1036 3774 si
1052 3723 1102 3774 iste
1119 3721 1153 3774 ab
1170 3721 1219 3774 hoc
1235 3733 1376 3772 corrrumtus
1384 3720 1464 3790 [ιντο

354 3795 483 3910 erre
500 3787 880 3924 mamertus·
945 3787 1170 3908 tretecus
1191 3781 1466 3923 attractus

336 3924 456 3988 ι((1.1,
482 3939 586 4000 roo-p.
609 3925 693 3986 490),
716 3922 763 4038 elui
778 3919 873 3972 Iubam
902 3979 903 3982 Ἴ
944 3921 1026 3974 dabat
1042 3941 1067 3990 q.
1086 3925 1137 3974 inm
1153 3925 1240 3972 omnia
1259 3931 1364 3972 conatus
1382 3934 1463 3974 esset.

269 4029 272 4034 ff
359 4000 386 4042 et
409 3989 539 4042 Petreium
560 4005 590 4039 m
612 4006 751 4040 coenacuo
768 3992 827 4052 (ἐπὶ
845 3995 900 4052 τῖ’
945 3987 1090 4058 Giandorp.
1104 3987 1281 4042 etGoduiuus
1297 3985 1464 4056 reponebant

359 4062 452 4120 irater)
470 4055 575 4108 mutuis·
589 4073 617 4106 re
638 4053 757 4114 caedibus
774 4049 871 4108 intere·
919 4099 922 4106 .
943 4060 1096 4106 convivatur.

358 4119 438 4176 miss'e
463 4123 535 4174 dicit.
561 4122 598 4172 M.
623 4121 744 4173 Mutuum
768 4123 874 4174 eaedem
978 4125 1126 4188 inpetravit,
1139 4119 1380 4190 inpetrarecoepit:
1395 4118 1462 4173 alias

358 4197 488 4242 testantur
513 4197 540 4242 et
563 4188 601 4240 Μ.
626 4189 723 4241 Seuera
748 4187 821 4241 Suas-
847 4207 872 4254 7.
944 4185 1124 4240 redundarent
1140 4187 1231 4249 verba,
1253 4189 1328 4259 idque
1344 4188 1462 4238 obtinuit.

358 4267 385 4308 ct
403 4256 433 4306 L.
450 4256 545 4322 Seuera
562 4255 595 4306 de
611 4254 715 4320 Prorid
734 4269 758 4310 2·
776 4255 873 4312 Contra
943 4255 982 4318 ΜΓ
1091 4285 1093 4292 ·
1160 4285 1162 4291 ·
1227 4293 1248 4314 ,-
1332 4283 1335 4288 -

358 4324 386 4372 in
413 4323 521 4375 Liviana
555 4322 658 4420 gitome
683 4339 709 4370 rr
731 4357 737 4370 .
760 4330 787 4372 et
803 4321 874 4391 opud
977 4323 1004 4372 in
1021 4321 1154 4378 Faustum.
1171 4320 1249 4376 Coui.
1265 4337 1322 4390 cap.
1340 4324 1372 4388 87
1391 4327 1461 4372 extr.

357 4387 463 4442 Florum
479 4389 498 4442 l.
514 4406 536 4442 e.
553 4417 565 4441 ι
575 4389 670 4454 etratus
684 4385 778 4456 ,iubam
794 4405 871 4459 saque
944 4387 982 4441 Μ.
