3030 5318
1112 351 1174 446 Μ

7 621 8 624 “
64 583 157 687 iugis
182 591 223 659 et
247 581 379 659 incolis
405 583 566 686 cognitis
591 585 868 662 conditionibus
894 589 1103 689 Scipionis,
1137 599 1178 666 et

7 721 8 730 ¹
64 703 241 796 quicum
265 716 311 772 eu
337 706 469 772 contra
502 723 542 772 se
575 699 715 774 bellum
751 701 953 802 gerebant,
986 703 1175 792 miserari;

65 812 223 914 Regium
250 813 350 885 enim
375 816 587 912 equitatum
613 815 739 915 Scipio
766 840 813 888 ex
839 815 1030 914 provincial
1050 809 1176 890 Africa

66 925 207 1016 alebat,
245 929 352 1000 tanta
390 928 560 1002 homines
599 953 678 1002 csse
718 929 939 1017 dementia,
963 934 1006 1002 ut
1045 928 1178 1004 malint
1251 959 1253 966 ’

63 1038 172 1138 Regis
198 1065 277 1132 esse
303 1043 526 1143 vectigales,
561 1062 674 1141 quam
707 1067 796 1116 cum
822 1042 967 1118 civibus
993 1041 1031 1114 in
1057 1044 1178 1140 patria

63 1156 99 1226 in
124 1157 203 1228 suis
227 1157 388 1234 fortunis
414 1183 492 1230 esse
518 1157 736 1230 incolumes.
856 1199 858 1206 ·

109 1296 146 1368 9.
173 1273 312 1345 Caesar
329 1297 362 1346 a.
381 1275 418 1346 d.
435 1275 499 1345 lll.
522 1273 716 1366 Nomlan.
733 1278 856 1358 castra
875 1279 1023 1346 movet:
1051 1271 1179 1372 Lepti·

62 1413 130 1484 que
144 1413 212 1460 sex
225 1385 440 1468 cohortium
458 1388 638 1487 praesidio
656 1411 743 1461 curn
760 1386 917 1462 Saserna
934 1389 1064 1463 relicto
1075 1443 1086 1478 ,
1099 1391 1178 1490 ipse

61 1525 207 1590 rursus,
233 1501 332 1576 unde
352 1501 469 1601 pridie
488 1507 663 1592 venerat,
688 1503 892 1601 Ruspinam
913 1527 998 1575 cum
1025 1502 1178 1600 reliquis

65 1621 182 1717 copiis
217 1621 408 1693 convertit
434 1617 579 1716 ibique,
614 1619 767 1692 sarcinis
803 1621 990 1693 exercitus
1024 1617 1177 1710 relictis,

6 1789 7 1792 ,
62 1732 138 1828 ipse
167 1757 258 1804 cum
284 1733 455 1832 expedita
483 1755 598 1804 manu
629 1732 876 1832 proficiscitur
901 1734 1043 1806 circum
1071 1731 1178 1805 villas
1247 1775 1249 1780 ·

63 1844 359 1936 lamentatum,
377 1845 644 1945 oppidanisque
669 1847 850 1944 imperat,
874 1851 919 1920 ut
936 1845 1100 1945 plaustra
1124 1845 1180 1917 iu·

61 1969 264 2060 mentaque
289 1965 415 2036 omnia
433 1969 652 2061 sequantur.
695 1964 826 2059 ltaque
844 1985 980 2063 magno
999 1960 1180 2036 frumenti

61 2083 218 2154 invento
244 2103 422 2164 numero,
449 2077 655 2178 Ruspinam
672 2078 781 2152 redit.
823 2079 905 2156 Hoc
923 2101 1011 2152 eum
1036 2077 1179 2154 idcirco

62 2195 236 2267 existimo
271 2193 422 2282 fecisse,
454 2200 498 2267 ut
533 2195 735 2266 marituma
768 2191 903 2290 oppida
939 2199 1023 2290 post
1058 2215 1098 2263 se
1132 2216 1179 2264 ne

428 376 817 474 ummfflo

63 2335 185 2384 vacua
220 2309 465 2407 relinqueret,
490 2307 746 2409 praesidioque
777 2307 927 2382 firmata
948 2307 1004 2382 -ad
1032 2305 1179 2382 classim
1300 2340 1305 2354 ·

63 2423 302 2523 receptacula
320 2426 495 2502 muniret.
550 2439 553 2443 '

113 2566 174 2614 ro.
197 2544 350 2638 Itaque,
367 2543 421 2624 ibi
432 2541 564 2616 relicto
578 2537 620 2612 Ρ.
635 2537 809 2627 Saserna,
823 2537 938 2612 fratre
953 2535 1049 2626 eius,
1065 2559 1176 2634 quem

56 2659 170 2757 Lepti
190 2658 361 2756 proximo
388 2656 524 2758 oppido
553 2653 755 2753 reliquerat
787 2679 873 2728 cum
892 2651 1055 2753 legione,
1072 2654 1178 2728 iubet

5 2825 6 2832 κ
62 2774 292 2874 cornportari
306 2773 405 2872 ligna
419 2775 457 2845 in
472 2771 651 2871 oppidum
667 2795 782 2870 quarn
799 2769 978 2872 plurima:
996 2771 1074 2872 ipse
1089 2793 1178 2846 cum

5 2959 6 2962 ,
65 2891 282 2966 cohortibus
308 2895 473 2989 septem,
507 2911 601 2986 quae
625 2911 671 2960 ex
692 2888 878 2961 veteranis
911 2887 1118 2987 legionibus
1139 2889 1178 2964 in

63 3005 180 3078 classe
199 3027 285 3089 cum
312 3003 476 3102 Sulpicio
500 3011 539 3076 ct
555 3002 708 3082 Vatinio
725 3027 803 3074 rem
819 2991 1029 3102 gesserant,
1046 3025 1093 3074 ex
1113 3024 1178 3100 op-

63 3119 148 3218 pido
178 3118 346 3215 Ruspina
372 3140 561 3216 egressus,
587 3113 836 3213 proficiscitur
850 3113 896 3186 ad
914 3119 1086 3212 portum,
1112 3113 1178 3209 qui

5 3289 7 3330 ι
63 3231 171 3304 abest
190 3230 239 3301 ab
261 3227 397 3328 oppido
424 3229 525 3302 milia
552 3249 725 3326 passuum
751 3223 847 3315 duo,
873 3225 997 3324 ibique
1023 3223 1178 3296 classem

5 3399 6 3432 2
63 3348 128 3423 sub
150 3369 351 3446 vesperum
367 3367 516 3418 cumea
532 3345 640 3442 copia
665 3341 892 3416 conscendit
936 3341 1120 3416 Omnibus
1136 3340 1191 3414 in·

5 3603 6 3616 ,
93 3551 144 3608 loc.
158 3568 243 3604 exau.
256 3549 363 3607 naban.
381 3545 461 3600 canl.
479 3563 535 3616 cap.
548 3547 589 3596 ss.

5 3619 6 3702 l
63 3636 287 3769 psrexmzlgum'
321 3631 365 3686 sic
382 3625 458 3686 codd.
489 3627 545 3680 Alii
562 3633 590 3686 in
617 3639 620 3644 '

96 3796 125 3834 ..a
167 3779 270 3832 macas.
309 3779 348 3832 ιι.
380 3775 459 3833 aaa
498 3753 589 3842 ung.

65 3851 241 3996 mlldcetingalcs.
268 3924 361 4003 Scipio
383 3923 464 3975 Iubes
486 3922 590 3990 utipsu-

66 3994 149 4116 gang·
166 3992 201 4109 qd
211 4001 320 4110 paqurtes
337 3991 445 4044 alendos
461 3985 588 4042 saltabat.

5 4201 6 4206 ¹
98 4161 125 4192 a.
142 4141 171 4192 d.
189 4139 242 4191 HI.
267 4139 361 4194 Nonus

69 4207 136 4259 llos.
240 4224 244 4233 ’

100 4273 164 4338 Hoc
181 4303 236 4336 eum
252 4285 397 4356 -sccissa
422 4283 507 4336 codd.
525 4301 592 4334 rece·

378 4138 437 4190 Ian.
454 4138 472 4189 i.
490 4153 512 4189 ο.
529 4133 591 4190 Vll.

69 4357 144 4420 pisse.
170 4353 236 4422 Ergo
257 4353 354 4421 legetur
376 4369 437 4404 cnm
463 4349 591 4404 Davisio:
613 4365 629 4400 .“

70 4419 130 4486 Huc
146 4437 201 4472 euin
218 4449 251 4472 -.-
269 4423 389 4488 recepisse
406 4437 440 4480 sc.
459 4418 501 4472 M·
531 4417 592 4503 N⁰i¹

654 3543 758 3614 spernit
778 3539 828 3594 boc
848 3539 918 3594 oua.
941 3539 1001 3612 Ipsa
1024 3550 1113 3595 tamen
1134 3516 1178 3596 sn·

655 3613 772 3743 mappa
793 3609 842 3678 l'cg.
864 3613 984 3678 repetisse
1010 3607 1059 3661 hoc
1080 3611 1178 3682 (oppi-

688 3771 723 3822 ad
735 3771 837 3822 classim
854 3783 947 3839 accept.
965 3768 1026 3839 Leg.
1043 3768 1078 3820 ad
1089 3767 1179 3820 classis

656 3837 714 3899 (uel
729 3838 866 3900 classium)
885 3837 1048 3904 rcccptnmlc.
1068 3836 1104 3885 Μ.
1122 3836 1178 3888 Hoc

656 3903 752 3973 probat
768 3903 891 3956 Oudcud.
905 3904 951 3957 scd
967 3902 1099 3971 vulgatum
1117 3903 1179 3954 reti·

656 3977 711 4025 net.
724 3969 856 4038 lutcllige:
868 3987 919 4038 quo
930 3987 958 4020 se
969 3973 1078 4037 ras'pare
1083 3979 1178 4037 posset.

690 4077 846 4142 conscendit,
863 4075 979 4134 omnibus
991 4075 1178 4135 -consilium,

656 4149 702 4215 qui
717 4161 811 4208 magno
824 4170 857 4192 ·,-
867 4142 969 4194 collisit.
986 4141 1029 4196 sie
1047 4139 1118 4194 locus
1135 4139 1179 4192 di·

631 4243 633 4250 <
657 4203 831 4278 stingueudus
863 4217 892 4260 st
922 4207 1048 4276 legendus
1076 4223 1091 4261 c
1120 4207 1178 4260 cod.

657 4276 767 4331 Davisii.
792 4279 952 4332 wisuntonia
972 4292 987 4326 e
1007 4273 1082 4327 codd.
1104 4291 1180 4326 reuc-

657 4345 728 4398 cavit
749 4343 821 4408 Oud-
845 4361 893 4414 pro
915 4339 984 4409 vulg.
1003 4345 1119 4392 matitia.
1141 4341 1179 4390 M.

658 4413 757 4466 Coutta
768 4411 926 4468 sentiscunt
937 4407 1005 4464 Oua.
1016 4407 1180 4478 distinguen-
