2998 5320
224 504 227 510 ·
326 459 421 558 230
745 489 1016 550 intonsum.

667 757 778 820 LIBRI
798 755 1093 820 AVSPICIORVM.

377 957 451 1036 Sed
473 963 607 1034 contra
632 953 746 1032 Iutius
771 954 905 1030 Caesar
929 955 1028 1028 xvi.
1055 949 1308 1048 Auspiciorum
1332 945 1434 1024 libro

326 1079 441 1178 negat
473 1071 644 1145 nundinis
676 1069 895 1144 concionem
927 1067 1103 1141 advocari
1129 1086 1255 1166 posse,
1286 1061 1434 1146 idest,

307 1169 415 1262 'cum
442 1185 578 1288 populo
604 1185 683 1286 agi,
706 1181 863 1282 ideoque
886 1179 1060 1254 nundinis
1085 1180 1342 1252 Romanorum
1360 1176 1439 1248 ha-

167 1357 173 1366 ,
327 1304 408 1383 beri
435 1302 588 1380 comitia
613 1323 688 1377 non
713 1321 830 1398 pome.
881 1279 1042 1370 Macrob.x
1068 1292 1142 1368 sat.
1172 1321 1211 1384 1,
1242 1293 1302 1368 16.

752 1531 1005 1600 Avovuffla,

326 1757 335 1774 ·
378 1665 513 1806 Caesar
528 1729 568 1802 in
584 1723 852 1828 Aagarauhuse
876 1723 918 1801 Si
929 1730 1071 1801 nocero
1082 1731 1193 1824 pecua
1206 1664 1295 1796 aaut.
1310 1719 1435 1794 Prisc.

326 1845 388 1957 lib.
410 1845 449 1920 6.
474 1847 542 1918 ool.
569 1865 654 1942 719.

693 2057 751 2126 DE
777 2057 1070 2124 DIVINATIONE.

382 2245 508 2320 Genus
520 2201 754 2348 ‘eloquentiae
772 2245 957 2322 duntaxat
971 2243 1183 2334 adolescens
1196 2241 1317 2318 adhuc
1331 2243 1439 2318 Stra·

329 2363 437 2436 bonis
462 2362 770 2458 Caesarsecutus
795 2361 963 2436 videtur:
990 2362 1096 2434 cuius
1122 2362 1235 2436 etiam
1262 2385 1309 2434 ex
1334 2361 1437 2434 Ora-

328 2477 452 2568 tione,
477 2499 570 2573 quae
595 2475 810 2551 inscribitur
835 2477 909 2550 Pro
936 2472 1078 2566 Sardis,
1103 2473 1324 2564 aduectum
1340 2497 1437 2546 non·

327 2591 429 2668 nulla
454 2591 645 2670 transtulit
669 2595 708 2670 in
733 2593 994 2694 Divinationem
1021 2616 1138 2668 suam.
1166 2589 1289 2669 Soet.
1308 2615 1345 2666 e.
1371 2591 1437 2671 55«

629 2903 630 2908 Ν
727 2797 1038 2903 asinonoinci.

349 3021 476 3094 ‘Nam
502 3019 617 3095 Iulius
643 3021 779 3096 Caesar
804 3030 848 3096 ut
872 3020 1036 3096 Siderum
1060 3035 1199 3110 motus,
1227 3018 1273 3094 de
1298 3020 1436 3118 quibus

329 3161 406 3214 non
429 3136 600 3214 indoctos
624 3137 739 3214 libms
762 3137 931 3238 reliquit,
958 3139 1005 3212 ab
1024 3137 1216 3240 Aegyptiis
1234 3135 1435 3236 disciplinis

329 3253 475 3341 hausit3
513 3255 567 3330 ita
592 3255 664 3330 hoc
690 3278 838 3354 quoque
862 3279 909 3328 ex
935 3255 1065 3352 eadem
1088 3255 1322 3329 institutione
1347 3277 1437 3326 mu-

330 3377 459 3447 tuatus
484 3379 562 3463 est,
587 3379 630 3448 ut
654 3372 702 3446 ad
727 3371 813 3448 solis
838 3373 989 3447 cursum
1014 3373 1163 3448 finiendi
1182 3375 1268 3448 anni
1286 3379 1436 3476 tempus

331 3487 560 3563 extenderet.
611 3489 772 3564 Macrob.
795 3486 940 3566 Sauum.
970 3517 1002 3582 1,
1031 3487 1090 3564 1'6.
1112 3489 1163 3586 cf.
1188 3504 1223 3566 et
1246 3519 1279 3566 c.
1307 3495 1366 3582 1⁸4.
1411 3509 1416 3524 ·

381 3695 473 3768 Tres
505 3699 631 3772 autem
664 3693 767 3768 fore
800 3700 945 3786 sectae,
981 3695 1187 3786 Chaldaea,
1228 3699 1436 3798 Aegyptia,

332 3810 495 3882 Graeca:
521 3806 579 3880 his
591 3805 695 3881 addit
708 3807 806 3912 apud
821 3833 886 3882 nos
901 3816 1072 3908 quartam
1087 3811 1221 3886 Caesar
1237 3813 1436 3903 Dictator,

331 3945 448 3997 annos
475 3918 520 3994 ad
547 3917 632 4015 sotis
658 3944 808 3994 cursum
825 3919 1001 4022 ›redigens
1026 3922 1211 4024 singulos,
1243 3927 1306 4024 qui
1332 3927 1435 4026 prius

199 4131 202 4140 .
333 4033 585 4164 antecedebat.
635 4031 822 4109 EaPIin.
850 4036 992 4126 18,25
1019 4038 1114 4136 (57).

341 4317 351 4330 ,
382 4237 416 4308 Α
441 4237 580 4309 Bruma
606 4237 644 4334 in
669 4235 877 4312 Favonium
902 4239 1050 4314 Caesari
1076 4239 1214 4314 nobilia
1239 4235 1358 4316 sidera
1383 4243 1436 4316 si-

277 4370 281 4374 ·
332 4347 530 4446 gnificantc
569 4349 634 4424 111.
666 4350 748 4425 Kal.
782 4353 861 4426 Ian.
894 4355 1081 4430 matutino
1113 4355 1224 4430 Canis
1249 4343 1444 4431 occidens*

218 4506 221 4522 ι
332 4461 460 4539 Paullo
495 4479 597 4564 post.-
638 4465 765 4541 Pridie
796 4467 894 4548 Non.
932 4471 1008 4542 Ian.
1046 4469 1192 4549 Caesari
1230 4467 1434 4589 Delph'mus
