2998 5320
336 350 431 448 238
751 373 1024 444 senonense.

332 585 478 686 palam,
515 582 552 658 si
578 592 828 682 grassatorum
853 593 888 654 et
914 579 1132 653 rioorunuu
1155 601 1221 677 ope
1243 575 1284 651 iu
1308 571 1446 654 menda

330 725 401 776 ereo
417 699 593 798 dignitate
612 721 699 772 ueras
719 707 834 784 esset,
859 694 989 768 uirtus
1013 717 1149 794 quoque
1164 717 1204 768 se
1215 717 1340 792 parem
1352 719 1446 793 gro-

332 819 423 890 nam
446 813 654 889 relotruwn.
680 808 771 888 Soet.
797 835 829 884 o.
855 833 919 909 72.

385 979 641 1075 Interrogatus
674 998 742 1046 cur
766 973 995 1073 repudiasset
1019 993 1201 1054 uxorem,
1242 969 1449 1071 Quoniam,

293 1109 297 1120 ’
336 1090 483 1194 inquit,
521 1113 617 1164 moos
643 1101 717 1160 tom
740 1093 960 1184 erupioiotu,
1004 1111 1112 1184 quom
1144 1086 1292 1197 crimine
1323 1084 1447 1158 iudico

333 1227 462 1280 autore
486 1215 656 1300 oportere.
687 1200 778 1278 Suet.
807 1227 841 1274 c.
875 1206 934 1292 74.

389 1355 481 1428 Acie
497 1345 707 1428 Pharsalica
724 1353 997 1453 proclamavit,
1023 1363 1064 1426 ut
1080 1349 1214 1428 civibus
1227 1362 1449 1450 parceretur.

331 1468 438 1576 LSvet.
463 1497 497 1546 e.
524 1471 583 1564 75.

373 1602 377 1611 .
392 1606 609 1724 Nessoque,
635 1631 679 1699 ut
697 1625 831 1700 Caesar
845 1623 1007 1700 dictator
1022 1620 1168 1708 aiebat,
1183 1595 1353 1694 mireum
1370 1642 1452 1712 esse

345 1740 618 1816 instrumentum
635 1746 807 1816 senectuti
813 1739 1086 1816 recordationem
1095 1733 1450 1812 crudelitatis·Amm,

299 1876 319 1904 ⁴
335 1857 508 1932 Marcell.
539 1879 612 1954 29,
644 1881 682 1928 2.

231 1973 236 1980 Ι
441 2005 520 2062 Varia
536 2005 636 2059 Graeca
651 1987 744 2058 inserit
760 1999 881 2060 oudone.
898 2003 1018 2065 desumto
1035 2021 1067 2056 ex
1082 2001 1151 2056 Plut.
1168 2010 1195 2056 et
1211 2002 1348 2073 Appiano.
1426 1977 1444 2084 ¹¹

395 2135 476 2212 Neo
500 2133 655 2212 minoris
680 2131 908 2232 inpotentiae
947 2155 1060 2205 voces
1086 2129 1276 2230 propalam
1298 2129 1452 2220 edebat,

334 2241 390 2328 ‘nt
414 2255 459 2326 Τ.
485 2251 640 2352 Ampius
665 2249 819 2325 scribit:
851 2244 962 2322 Nihil
974 2273 1051 2321 esse
1067 2245 1357 2344 Hempublioom,
1383 2251 1454 2324 od-

335 2369 570 2470 'pollutionem
595 2365 698 2439 modo
723 2368 799 2437 sine
828 2387 972 2462 corpore
996 2387 1040 2440 oo
1064 2357 1191 2457 specie.
1227 2359 1363 2434 Sullam
1389 2389 1459 2456 ηοω

347 2487 459 2556 scisse
503 2483 664 2570 litteras,
705 2482 770 2578 quoi
808 2476 1034 2550 Dictaturam
1057 2474 1266 2570 deposuerit.
1321 2453 1455 2551 Debere
1491 2553 1492 2558 ,

349 2593 509 2668 homines
533 2593 833 2667 consideratius
816 2617 890 2664 rom
913 2592 1012 2686 loqui
1032 2614 1153 2663 secun
1169 2613 1213 2660 uo
1233 2613 1300 2686 pro
1317 2589 1456 2688 legibus
1491 2597 1492 2656 ἓ

337 2705 478 2798 ,tuero
500 2732 593 2805 quoe
617 2707 725 2784 distent
751 2701 843 2784 Suet.
868 2729 900 2778 o
928 2725 986 2796 77

397 2869 526 2978 quue
553 2867 788 2970 adrogantiae
815 2891 1028 2970 progressus
1053 2870 1130 2954 est,
1156 2862 1228 2952 ut',
1259 2853 1457 2964 haruspice

327 2981 472 3054 ,tristia
500 2987 539 3064 et
565 2983 647 3066 sine
668 2983 779 3079 corde
806 2987 893 3079 exta
920 3003 1025 3058 sacro
1052 2977 1213 3078 quodam
1240 2980 1461 3070 nuntiante,

339 3095 515 3188 littura,
540 3097 694 3188 diceret,
711 3067 876 3182 laetiora,
898 3122 1009 3194 quum
1025 3095 1148 3170 uellet:
1162 3120 1226 3172 uec
1235 3121 1302 3192 pro
1321 3110 1458 3180 ostento

343 3209 575 3296 ducendum,
609 3237 643 3284 st
637 3211 796 3316 pecudi
819 3237 882 3288 cor
906 3209 1088 3304 defuisset.
1119 3207 1211 3286 Soet.
1234 3209 1279 3284 ib.

405 3377 668 3477 'triumphanti
686 3385 724 3454 et
741 3376 912 3453 subsellia
928 3376 1139 3453 'tribunitia
1160 3371 1458 3475 praeteruehenti

349 3495 423 3574 sibi
453 3519 569 3574 unum
595 3520 617 3572 e
642 3491 798 3594 collegio
823 3494 1000 3570 Pontium
1026 3491 1199 3589 Aquilam
1225 3515 1300 3563 non
1326 3492 1459 3570 adsur-

320 3599 325 3615 ‘
353 3609 515 3694 rexisse,
544 3607 636 3682 adeo
661 3608 895 3711 indignatus,
921 3613 965 3684 ut
992 3605 1301 3712 proclamaverit:
1327 3605 1459 3702 Repete

355 3751 441 3824 ergo
458 3753 482 3802 u
498 3750 574 3809 mc,
601 3722 754 3822 Aquita,
784 3723 1052 3820 Rumpublicom
1075 3723 1274 3810 Tribunus,
1298 3745 1366 3794 nec
1394 3722 1460 3794 de-

357 3836 493 3914 stiterit
516 3829 582 3936 pei·
608 3837 805 3912 continuos
831 3837 907 3910 dies
932 3836 1134 3934 quidquam
1161 3837 1356 3937 cuiquam,
1391 3835 1458 3908 nisi

357 3951 426 4028 sub
460 3943 708 4064 exceptione,
748 3948 936 4048 polliceri,
976 3949 1017 4024 Si
1047 3965 1164 4026 tumeo
1190 3975 1255 4048 per
1290 3949 1459 4063 Pontium

343 4053 529 4162 ‘Aquilam
559 4065 710 4140 licuerit.
740 4062 831 4141 Soet.
862 4087 944 4139 7.7
928 4063 987 4158 78

268 4265 274 4271 ,‚
406 4219 509 4296 Plebi
535 4223 677 4323 Regem
704 4245 742 4296 se
769 4219 969 4312 salutanti,
992 4205 1181 4310 Caesarem
1200 4243 1263 4310 re,
1292 4244 1361 4296 noo
1377 4154 1459 4292 Ile·

286 4417 306 4470 <
353 4315 546 4450 pernosse
569 4335 818 4471 respondit.
805 4333 897 4428 Soet.
929 4360 962 4428 7.
991 4355 1050 4432 79.
1119 4411 1127 4420 ,,
1252 4397 1259 4416 .
