3030 5318
379 375 459 434 nro.
497 375 588 436 cnr.
627 343 800 468 68-70.

1062 343 1150 467 137

58 571 184 668 equites
204 573 421 671 pugnabant
432 581 485 668 pet
512 599 585 648 una
612 578 822 674 pariterque
849 599 936 650 cum
963 576 1152 674 equitibus

58 713 237 761 accurrere
261 694 299 760 et
319 691 488 789 refugere
507 685 792 768 consueverant.
838 693 965 784 Quuni
988 693 1060 766 hoc
1077 719 1155 768 sae-

58 802 124 898 pius
145 803 311 876 facerent
327 809 366 876 et
388 803 548 878 Iulianos
572 808 847 904 proficiscentes
868 809 1151 905 insequerentur

60 925 87 988 et
115 919 348 1019 refugerent,
383 927 525 994 stantes
563 925 714 1022 propios
754 947 827 996 non
863 923 1083 996 accederent
1115 932 1154 998 et

57 1034 215 1134 singulari
252 1059 385 1136 genere
420 1058 567 1136 pugnae
603 1044 819 1128 uterentur,
854 1039 989 1136 eosque
1023 1039 1152 1114 iaculis
1253 1124 1257 1144 Ι

57 1147 311 1222 convulnerare
324 1151 414 1224 satis
427 1175 505 1224 esse
518 1151 790 1242 existimarents
806 1153 940 1228 Caesar
953 1151 1153 1244 intellexit,

56 1264 129 1336 nihil
153 1264 257 1338 aliud
282 1265 365 1340 illos
390 1268 544 1356 conari,
566 1267 634 1339 nisi
662 1275 705 1342 ut
732 1293 769 1342 ae
801 1275 998 1368 cogerent,
1025 1276 1151 1342 castra

58 1377 150 1450 ineo
175 1377 264 1453 loco
289 1406 448 1480 ponere,
480 1382 544 1455 ubi
580 1385 731 1457 omnino
766 1406 885 1479 aquae
906 1381 1008 1454 'nihil
1033 1391 1151 1470 esset;

56 1504 91 1567 ut
113 1501 298 1572 exercitus
325 1500 404 1574 eius
427 1500 593 1589 ieiunus,
619 1503 682 1598 qui
702 1529 722 1572 a
740 1507 873 1598 quarta
890 1499 1017 1598 vigilia
1037 1524 1152 1598 usque

60 1613 96 1686 ad
118 1613 249 1687 horam
277 1601 462 1692 decimam
486 1614 559 1696 diei
585 1615 905 1720 nihilgustasset,
922 1639 966 1690 ac
983 1618 1154 1700 iumenta

58 1727 105 1798 siti
128 1731 303 1826 perirent.
335 1781 337 1789 ·
659 1803 662 1810 ,
888 1723 891 1728 ’

97 1863 150 1931 70.
192 1845 323 1934 Quum
350 1843 425 1914 iam
453 1840 500 1916 ad
535 1843 621 1916 solis
654 1869 829 1918 occasum
864 1851 960 1920 esset
997 1849 1036 1918 et
1071 1870 1146 1918 non

57 1959 141 2026 totos
158 1964 312 2030 centurn
330 1981 459 2054 passus
485 1959 524 2030 in
551 1959 682 2030 horam
714 1961 766 2032 IV
797 1966 893 2046 esset
919 1980 1152 2057 progressus;

57 2070 205 2164 equita-tu
248 2095 317 2144 suo
351 2079 502 2171 propter
535 2097 716 2170 equorum
752 2073 946 2146 interitum
983 2077 1150 2143 extremo

60 2188 188 2282 agmine
215 2193 385 2277 remoto,
410 2187 572 2288 legiones
597 2190 759 2262 invicem
786 2187 835 2259 ad
860 2192 1068 2260 extremum
1088 2211 1150 2284 ag-

62 2326 133 2375 men
149 2306 351 2386 evocabat.
397 2307 457 2377 lta
475 2307 553 2378 vim
571 2304 754 2394 hostium,
779 2303 923 2402 placide
948 2303 1150 2400 leniterque

61 2425 267 2516 procedens,
295 2443 360 2522 per
385 2421 627 2522 legionarium
655 2419 811 2495 militem
830 2421 1062 2492 commodius
1088 2435 1152 2492 etr.

61 2541 216 2616 stinebat.
250 2541 403 2614 Interim
422 2538 591 2636 equitum
605 2536 851 2610 Numidarum
869 2537 999 2636 copiae
1017 2538 1153 2610 dextra
1208 2547 1210 2554 '

61 2653 269 2752 sinistraque
289 2679 355 2752 per
371 2643 483 2726 colles
507 2675 742 2751 praecurrere
765 2675 997 2749 coronaeque
1015 2653 1053 2724 in
1076 2677 1155 2724 mo·

60 2765 132 2838 ilum
157 2771 306 2868 cingere
332 2766 571 2840 multitudine
598 2790 663 2841 sua
694 2767 860 2838 Caesaris
886 2767 1033 2864 copias;
1066 2790 1152 2864 pars
1246 2754 1253 2848 J

61 2906 176 2981 agmen
192 2893 404 2958 extremum
420 2883 575 2979 insequi.
592 2882 756 2956 Caesaris
770 2888 895 2963 autem
910 2905 983 2954 non
998 2882 1155 2982 amplius
1216 2928 1219 2938 ·

62 3001 123 3070 tres
140 3005 205 3072 aut
228 3005 391 3097 quatuor
415 2998 552 3071 milites
570 2997 738 3071 veterani
764 2998 794 3070 si
820 3021 858 3068 se
885 3000 1158 3070 convertissent

60 3217 117 3271 leuis.
132 3219 217 3274 codd.
238 3211 356 3301 quidam*
365 3233 509 3272 armatura.
527 3211 571 3271 Al-

61 3293 172 3341 terutrum
183 3299 291 3342 rectius.
309 3287 351 3340 cf.
368 3297 424 3339 not.
442 3285 476 3339 ad
488 3297 510 3339 e.
530 3293 570 3336 51.

85 3379 107 3418 et
132 3369 290 3439 refugerent.
320 3369 448 3420 Fortassis
472 3367 572 3418 excidit

61 3432 145 3505 aliquid
171 3435 364 3552 legendumpue
393 3443 448 3495 est,
472 3435 571 3500 conver-

62 3519 95 3552 sos
108 3505 261 3574 refigerenr.
287 3503 330 3554 C.
349 3518 371 3554 c.
390 3514 430 3566 7⁰·
459 3501 503 3554 Sic
522 3501 571 3552 tria

62 3567 186 3630 dicuntur,
203 3589 271 3641 quae
288 3568 400 3625 dicenda
418 3579 510 3620 erarrt:
534 3569 572 3618 in·

62 3646 192 3705 sequuntur
209 3636 418 3708 proficiscentes,
440 3635 572 3701 refrrgiunt

61 3720 201 3763 conversos,
231 3721 286 3756 non
309 3703 437 3756 accedunt
460 3703 571 3770 propius

63 3770 157 3824 sontes.
177 3770 248 3824 Edd.
274 3768 359 3839 vulgg.
379 3767 481 3821 haberit
492 3803 501 3834 ‚
530 3773 571 3818 in-

63 3849 162 3901 stantes,
186 3849 219 3892 ut
243 3832 359 3906 refugere
383 3841 507 3889 instantes
530 3854 572 3888 eo·

64 3901 174 3972 haersat3
191 3895 206 3958 la
224 3905 392 3958 correctione.
410 3904 447 3954 M.

90 3982 175 4038 luorum
194 3986 325 4036 dedimam.
354 3981 390 4034 Ea
408 3989 448 4034 est
470 3981 572 4034 circiter

66 4061 146 4116 quarta
162 4051 349 4122 pomeridiana.
367 4049 410 4100 M.

92 4136 116 4182 in
131 4133 220 4187 horam
237 4131 308 4196 (IV
316 4135 337 4194 ).
357 4130 425 4181 Haec
443 4139 511 4182 esset
527 4131 573 4182 cir-

68 4197 122 4250 citer
136 4199 233 4252 decima
250 4197 466 4254 antemeridiana.
485 4195 573 4266 Quor*

68 4281 116 4315 aum
132 4285 187 4337 crgo
203 4268 324 4330 diceret,
350 4267 574 4336 quousquo'mane

68 4330 148 4384 Coeum
163 4343 229 4388 asset
247 4350 410 4405 progressus,
443 4349 503 4384 cum
521 4332 574 4382 iam

26 4423 33 4436 ·
70 4407 126 4452 esset
140 4401 173 4454 ad
189 4401 251 4454 solis
268 4399 410 4459 occasum?
431 4399 574 4452 Verissima

637 3219 716 3273 lectio
734 3227 774 3271 est
789 3197 865 3274 codd.
882 3215 1019 3271 Leideusis
1037 3219 1116 3292 primi
1133 3228 1160 3272 et

637 3285 814 3355 Scaligetaui,
842 3291 870 3336 in
892 3287 1004 3346 horarie,
1030 3285 1056 3336 lo.
1083 3305 1105 3336 e.
1130 3287 1159 3336 in

638 3354 716 3406 horas
744 3352 875 3422 singulas,
911 3361 937 3403 et
965 3354 1069 3403 numeri
1097 3361 1159 3405 nota

638 3419 750 3474 delenda
774 3429 822 3472 est.
845 3419 900 3471 Alii
919 3419 1016 3471 hahent
1036 3423 1064 3469 in
1086 3419 1160 3470 horis
1256 3409 1264 3428 ⁸

638 3489 694 3549 IV,
717 3487 787 3558 quod
809 3495 836 3538 et
859 3489 950 3558 ipsum
973 3487 1034 3538 lerri
1051 3494 1159 3556 potcst5

639 3564 679 3606 ent
702 3557 793 3616 enim,
817 3557 886 3609 intra
909 3555 1024 3626 spatium
1047 3563 1160 3624 quatuor

639 3622 768 3674 homulli·
787 3622 821 3674 M
822 3651 828 3672 a

672 3739 788 3779 extremo
805 3731 905 3798 agnum
920 3739 1038 3787 renroto,
1066 3742 1099 3778 ex
1114 3743 1161 3793 ag·

639 3796 711 3846 mine
733 3804 848 3846 extremo
872 3793 1160 3854 remoret,'discede1·e

640 3861 723 3914 iubet.
740 3891 773 3900 -
803 3861 890 3913 Etiam
918 3863 947 3911 in
976 3859 1026 3912 lroc
1054 3863 1159 3928 capite,

639 3930 801 3998 omninoque
819 3928 868 3980 hac
885 3929 1034 3978 narratione
1051 3944 1073 3978 c.
1088 3929 1161 3979 68-

640 4011 680 4059 7¹·
699 3995 879 4048 Guischnrdus
897 3993 949 4045 sibi
966 3993 1037 4044 risus
1055 4001 1094 4044 cst
1110 4012 1162 4045 ma-

639 4059 705 4114 nuni
723 4065 791 4112 inter
811 4060 944 4112 olatrloem
961 4059 1102 4111 detexisse:
1120 4079 1163 4112 nce

639 4136 683 4197 gut
694 4129 764 4178 enim
774 4163 782 4185 ,
792 4081 859 4178 lmen
872 4127 922 4186 ita,
941 4135 972 4178 ut
983 4127 1079 4194 scripta
1092 4139 1161 4186 sunt,

640 4185 673 4248 ab
682 4193 788 4246 homins
800 4193 921 4246 militaris
930 4194 967 4244 rei
975 4195 1060 4262 perito
1071 4193 1161 4258 scribi,

641 4281 669 4324 ac
680 4281 713 4313 ne
731 4259 786 4312 fieri
803 4261 910 4330 quidem
923 4261 958 4312 sic
971 4261 1094 4330 potuisse.
1106 4263 1161 4314 vid.
1265 4281 1267 4288 ’

641 4329 780 4390 Μὸπιοῄῐθε
793 4326 872 4394 milit.
890 4327 949 4384 Vol.
968 4344 992 4378 2.
1010 4347 1037 4397 p.
1056 4331 1114 4380 262.
1129 4328 1165 4386 T.

640 4415 665 4448 2.
683 4411 711 4466 p.
729 4395 787 4448 362.
803 4395 846 4448 M.
1162 4395 1166 4405 ”

157 4495 311 4569 CAESAR.
338 4497 532 4568 comment.
559 4493 667 4565 Tom.
693 4493 740 4564 ll.
983 4488 1009 4586 ξ
