3044 5316
346 373 352 380 ·
420 358 502 420 mr.
535 359 630 421 CAP.
672 359 843 456 17-20.
1122 364 1181 462 21

124 583 185 657 ¹9·
203 559 363 653 Caesar,
396 563 534 672 praeda
564 563 747 640 militibus
780 587 982 655 concessa,
1016 561 1188 640 aedilicia

38 703 42 710 ·
70 669 182 776 diripi
206 679 340 769 iussit,
374 680 643 780 castellumque
668 683 717 756 ad
742 687 917 782 pontem,
942 681 1008 778 qni
1032 681 1189 780 propior

69 796 154 864 erat
171 791 317 884 Pharo,
335 797 587 869 communivit
604 803 718 894 atque
734 798 787 870 ibi
804 795 1030 896 praesidium
1048 795 1188 893 posuit.

68 905 184 980 Hune
225 908 314 1008 luga
352 909 527 984 Pharitae
564 911 821 1011 reliquerant3
854 911 1050 986 fortiorem
1083 910 1192 984 illum

67 1022 361 1122 propioremque
401 1025 538 1126 oppido
570 1025 812 1102 Alexandrini
846 1026 1062 1100 tuebantur.
1114 1023 1190 1098 Sed

67 1163 157 1210 eum
175 1145 328 1238 postero
354 1139 413 1215 dic
439 1141 549 1216 simili
566 1143 714 1218 ratione
731 1141 969 1244 adgreditur,
989 1141 1114 1241 quod,
1132 1141 1192 1216 his

67 1256 236 1330 obtentis
262 1255 435 1350 duobus,
460 1283 612 1333 omnem
645 1261 884 1362 navigiorum
917 1283 1118 1334 excursum
1152 1265 1192 1333 et

67 1375 268 1472 repentina
292 1374 491 1449 latrocinia
516 1375 708 1450 sublatum
731 1379 779 1450 iri
805 1375 1016 1450 videbatur.
1034 1377 1189 1474 lamque

67 1516 152 1582 eos,
179 1498 244 1591 qui
270 1495 567 1593 praesidiorum
592 1493 719 1568 locum
745 1494 955 1585 tenebant,
990 1496 1193 1569 tormentis

67 1630 114 1678 ex
140 1609 304 1681 navibus
329 1609 550 1711 sagittisque
584 1609 779 1710 depulerat
805 1615 918 1708 atque
944 1609 983 1682 in
1010 1608 1191 1707 oppidum

4 1727 6 1736 ’
65 1719 294 1822 redegerat,
317 1729 359 1799 et
384 1725 599 1798 cohortium
624 1725 742 1799 trium
766 1725 886 1798 instar
910 1723 949 1796 in
972 1728 1112 1796 terram
1130 1745 1193 1794 ex·

66 1834 271 1942 posuerat5
298 1861 375 1910 non
400 1840 498 1913 enim
524 1839 650 1938 plures
675 1839 879 1914 consistere
901 1835 1093 1938 angustiae
1118 1833 1193 1907 loci

4 2025 6 2032 .
67 1953 339 2051 patiebantur,
371 1955 537 2054 reliquae
563 1959 693 2055 copiae
726 1958 766 2032 in
797 1955 957 2028 navibus
990 1954 1194 2027 stationem

71 2071 306 2146 obtinebant.
324 2073 424 2166 Quo¹
437 2071 540 2147 facto
558 2073 740 2172 imperat,
756 2077 914 2173 pontem
931 2069 1111 2144 adversus
1129 2071 1197 2144 ho·

71 2193 171 2262 stem
190 2189 411 2289 praevallan'
431 2195 491 2280 et,
508 2212 583 2287 qua
608 2189 732 2263 exitus
759 2187 919 2262 navibus
946 2194 1028 2260 erat
1053 2188 1196 2262 fornice

72 2313 293 2397 exstructo,
319 2332 396 2406 quo
422 2331 515 2407 pons
542 2309 817 2394 sustinebatur,
844 2306 1029 2407 lapidibus
1052 2307 1196 2408 obpleri

72 2427 190 2519 atque
208 2423 374 2494 obstrui:
393 2445 554 2520 quorum
573 2422 693 2497 altero
711 2439 823 2523 opere
841 2423 999 2512 ellectu,
1022 2428 1067 2498 ut
1093 2420 1197 2494 nulla

71 2539 229 2610 omnino
254 2538 394 2637 scapha
418 2537 543 2640 egredi
569 2545 718 2638 posset,
742 2537 862 2610 altero
889 2537 1086 2627 instituto,
1111 2541 1196 2612 om·

71 2676 135 2724 nes
164 2649 509 2726 Alexandrinorum
543 2655 674 2752 copiae
701 2676 748 2726 ex
774 2651 912 2752 oppido
938 2676 977 2726 se
1004 2653 1196 2727 eiecerunt

5 2833 6 2868 ᾖ
71 2773 109 2840 et
126 2773 265 2840 contra
287 2769 513 2842 munitiones
530 2769 654 2866 pontis
671 2765 804 2840 latiore
817 2766 903 2840 loco
922 2768 1197 2854 constiterunt;

5 2871 6 2896 ³
73 2883 284 2982 eodemque
309 2869 502 2984 tempore,
527 2909 623 2983 quae
651 2890 928 2984 consueverant
954 2883 1107 2986 navigia
1132 2909 1199 2986 per

73 3008 207 3096 pontes
235 2997 282 3072 ad
308 2998 481 3072 incendia
507 2999 763 3072 onerariarum
781 3000 975 3088 emittere,
993 2995 1040 3070 ad
1059 2999 1198 3070 molem

74 3114 370 3186 constituerunt.
387 3113 632 3215 Pugnabatur
658 3140 679 3187 a
705 3115 814 3186 nobis
840 3135 887 3186 ex
908 3118 1046 3210 ponte,
1060 3135 1106 3184 ex
1120 3135 1200 3183 mo·

72 3227 132 3316 le;
161 3230 210 3302 ab
237 3228 309 3302 illis
336 3253 384 3302 ex
417 3255 531 3322 area,
565 3255 661 3328 quae
694 3237 776 3304 erat
810 3230 988 3304 adversus
1017 3235 1201 3328 pontem,

74 3352 189 3420 etex
215 3346 376 3420 navibus
401 3353 535 3420 eontra
562 3347 715 3422 molem.

125 3486 191 3536 20.
218 3461 261 3532 ln
287 3461 347 3533 his
364 3461 476 3534 rebus
503 3469 688 3562 occupato
710 3462 865 3536 Caesare
883 3459 1094 3560 militesque
1112 3459 1200 3532 hor·

74 3577 210 3663 tante,
249 3575 433 3673 remigum
461 3567 618 3678 rnagnus
654 3601 831 3650 numerus
857 3583 896 3650 et
922 3575 1197 3649 classiariorum

75 3715 122 3764 ex
147 3691 270 3791 longis
295 3693 454 3768 navibus
484 3695 621 3767 nostris
647 3695 687 3768 in
711 3692 850 3770 molem
877 3721 916 3769 se
942 3693 1064 3770 eiecit.
1106 3693 1198 3768 Pars
1308 3787 1313 3794 .

107 3997 607 4138 ,apmmqnpmpoas'tduo
672 3997 1203 4120 lts.1,sa.umstarnt¹‘⁶sv¹²⁶l·‘s

75 4066 552 4214 Po”weltes
486 4067 608 4206 melei
699 4129 1204 4212 samonaos

77 4200 258 4268 ‘bimgt
705 4196 1275 4270 avarnlgoaldininunagutulal,

109 4297 255 4348 ruebatur.
272 4295 405 4351 Bendustl
421 4295 609 4352 relitsodetan
671 4271 1043 4386 Wlwutodh
1012 4339 1203 4404 „mmm

112 4399 279 4452 numer
302 4405 396 4456 ιἰιιιιιν.
424 4399 610 4464 sirmond
677 4400 953 4456 ιωιιάἀιο
955 4399 1017 4454 dd
