2998 5320
374 401 785 528 1r1n.nsr.7.¹8.
879 413 881 420 ’
1066 381 1218 527 ι73ἱ

78 635 230 736 oppidum
264 635 530 738 obpugandom
556 661 649 738 opus
679 637 858 728 fuerunt3
900 633 1071 737 aggerem
1099 637 1156 710 ri·

14 809 16 816 ,
77 773 215 851 reasque
244 779 354 854 agere
388 754 562 827 instituit.
612 756 714 828 Haec
740 753 823 826 loca
848 762 945 826 sunt'
960 759 1159 833 montuosa

77 871 106 938 et
126 872 252 939 natura
285 867 384 940 edita
419 867 466 940 ad
499 893 580 944 rem
613 867 837 954 militarem
879 891 973 966 quae
1006 867 1159 966 planitia

75 981 271 1056 dividuntur
283 983 389 1056 Salso
406 981 578 1066 flumine,
605 985 773 1082 proxime
800 991 927 1058 tamen
954 984 1154 1082 Ateguam,

76 1099 110 1166 ut
131 1095 172 1166 ad
198 1094 343 1192 flumen·
362 1099 437 1172 sint
461 1100 611 1172 circiter
637 1123 809 1196 passuum
836 1099 914 1170 duo
936 1097 1052 1170 milia.
1098 1095 1158 1170 Ex

76 1234 109 1280 ca
129 1211 273 1310 regione
300 1213 423 1312 oppidi
449 1213 488 1286 in
514 1214 704 1286 montibus
729 1220 852 1286 castra
885 1212 1018 1288 habuit
1041 1215 1158 1284 Pom-

76 1323 182 1422 peius,
204 1326 245 1396 in
270 1332 475 1424 conspectu
500 1332 746 1424 utrorumque
772 1325 1013 1425 oppidorum,
1044 1347 1163 1424 neque

78 1435 138 1508 sois
169 1459 280 1510 ausus
309 1446 370 1512 est
402 1439 565 1512 subsidio
603 1443 740 1514 venire.
791 1441 945 1538 Aquites
984 1445 1022 1512 et
1060 1440 1164 1538 signa

77 1549 192 1628 babuit
217 1553 397 1628 tredecim
423 1555 636 1653 legionum
670 1557 760 1647 sed,
791 1557 999 1655 exquibus
1025 1554 1164 1653 aliquid

79 1660 288 1744 firmamenti
307 1695 345 1744 se
363 1672 600 1744 existimabat
617 1673 777 1763 babere,
803 1673 897 1746 duae
917 1673 1068 1746 fuerunt
1084 1695 1167 1746 ver-

79 1785 244 1876 naculae,
268 1811 363 1885 quae
377 1813 400 1860 a
412 1787 598 1860 Trebonio
617 1789 917 1889 transfugerant;
947 1813 1041 1880 una,
1067 1789 1167 1860 facta

79 1925 116 1972 ex
138 1902 314 1992 coloniis,
340 1927 435 2001 quae
462 1904 613 1978 fuerunt
630 1905 668 1976 in
693 1904 749 1976 his
768 1905 1003 2005 regionibus3
1030 1901 1167 2002 quarta

79 2017 139 2092 luit
163 2021 364 2094 Afraniana
390 2039 437 2096 e'x
461 2021 612 2109 Africa,
646 2045 758 2117 quam
784 2046 910 2095 secum
938 2021 1169 2110 adduxerat;

78 2133 225 2230 reliquae
252 2160 298 2208 ex
325 2135 493 2236 fugitivis
518 2133 715 2213 auxiliares
741 2135 1017 2220 consistebantt
1058 2159 1171 2223 narn,

44 2263 46 2268 ’
80 2245 210 2320 deleri
237 2255 429 2326 armatura
456 2256 495 2324 et
528 2248 724 2346 equitatu,
765 2249 873 2350 longe
900 2255 940 2326 et
965 2250 1105 2322 virtute
1131 2254 1171 2324 ct

78 2379 221 2435 numero
249 2365 367 2436 nostri
392 2369 499 2438 erant
524 2364 742 2462 superiores.

76 2539 79 2546 .
120 2475 153 2549 8.
178 2477 395 2551 Accedebat
433 2477 532 2564 buc,
578 2484 622 2550 ut
656 2477 802 2576 longius
840 2475 978 2550 bellum
1018 2473 1172 2549 duceret

79 2584 290 2686 Pompeius,
336 2589 437 2688 quod
471 2591 556 2664 loca
588 2597 676 2665 sunt
701 2593 800 2664 edita
826 2598 864 2666 et
890 2591 936 2663 ad
962 2593 1171 2666 castrorum

77 2708 293 2780 munitiones
319 2730 393 2780 non
420 2731 551 2806 parum
576 2707 720 2780 idonea.
749 2709 846 2780 Nam
872 2707 948 2781 fere
974 2708 1091 2781 totius
1118 2705 1173 2780 ul-

79 2820 214 2892 terioris
240 2821 439 2918 Hispaniae
472 2821 600 2920 regio,
644 2827 797 2920 propter
822 2827 943 2894 terrae
969 2819 1175 2894 fecundita-

79 2932 146 3005 tem
181 2934 332 3033 inopem
366 2931 627 3034 difficilemque
660 2937 773 3010 babet
798 2935 1113 3036 obpugnationem
1138 2941 1176 3010 et
1289 2953 1294 2960 ’

79 3070 146 3118 non
166 3051 291 3126 minus
314 3053 501 3148 copiosam
520 3052 771 3148 aquationem.
794 3047 1001 3123 llic'etiam
1022 3056 1176 3150 propter

79 3159 317 3240 barbarorum
344 3165 491 3238 crebras
520 3167 757 3240 excursiones
782 3165 908 3242 omnia
932 3161 1042 3256 loca,
1079 3187 1175 3265 quae

108 3377 226 3430 aggerem
239 3365 373 3430 vineasque
384 3382 469 3436 agere.
480 3363 522 3416 cf.
535 3365 592 3417 not.
658 3361 767 3416 Barbara
789 3361 903 3422 locutio,
922 3361 1008 3414 iudica
1030 3358 1177 3420 Dodwsllo,

77 3425 110 3482 ad
126 3430 159 3481 G.
181 3445 213 3487 2,
232 3445 271 3480 η.
288 3432 321 3482 A.
341 3428 380 3492 73.
659 3431 749 3488 Daris.
774 3429 850 3482 malit
874 3433 909 3479 in.
934 3427 999 3480 'Sed
1019 3428 1179 3498 praepositio

108 3507 203 3546 natura
226 3499 295 3548 edita
317 3499 352 3548 ad
371 3515 427 3549 rem
447 3498 594 3550 militarem.
660 3507 750 3572 posset
765 3497 863 3550 abesse.
883 3495 964 3547 Iurin.
982 3494 1028 3546 dat
1043 3513 1077 3544 ex
1087 3494 1180 3565 fugiri·

80 3559 129 3612 Hoc
153 3567 210 3632 ipse
240 3567 288 3616 scri
310 3573 351 3616 tor
374 3585 396 3619 c.
420 3569 442 3617 8.
465 3567 594 3636 explicat,
661 3569 704 3617 vis
720 3577 746 3616 er
761 3565 929 3616 auxiliaribus
946 3561 1101 3612 connubunt.

81 3625 139 3679 du‘m
156 3630 264 3697 plenius
302 3634 357 3684 icit.
383 3635 419 3682 M.
787 3677 792 3687 .
817 3669 820 3680 ·
1126 3668 1131 3680 ·
1179 3671 1181 3676 π

111 3700 269 3749 vernaculae.
281 3699 384 3750 Caesari
401 3702 493 3751 victori
511 3699 594 3752 tradi·
695 3673 726 3722 ‘l‘
742 3672 792 3724 ιω
811 3685 966 3732 ‘malm’
986 3669 1057 3741 ‘iuml
1077 3669 1181 3723 “ulmei

82 3769 120 3816 ue
142 3775 218 3818 erant
236 3766 291 3828 (da
314 3765 342 3826 Β.
365 3767 395 3824 C.
415 3782 447 3826 2,
464 3772 526 3830 20),
551 3767 597 3836 qui
663 3738 852 3796 memma·
873 3738 917 3800 Μ’

84 3831 117 3884 sis
142 3832 294 3899 Longinum
323 3834 448 3902 praefecit
474 3843 520 3900 et,
548 3834 598 3884 linc
660 3879 662 3884 ,
695 3843 801 3898 propter
818 3843 902 3882 terrac
913 3827 1105 3898 fiasundiratem.
1122 3822 1182 3902 illo-

84 3905 202 3963 mortuo,
229 3897 408 3950 Trebonium:
427 3918 442 3951 a
459 3918 511 3971 qno
528 3900 599 3951 dala·
664 3901 724 3955 nuit
753 3898 875 3950 Davisius
903 3901 1044 3964 ¹praeeunte
1070 3892 1179 3961 Lipsm.

85 3975 171 4015 serunt
188 3973 217 4015 at
233 3984 322 4016 rursus
339 3984 458 4032 caussam
480 3967 600 4036 Pompeii
665 3965 884 4034 injicunditatem,
903 3970 930 4012 at
946 3959 1034 4031 paullo
1051 3968 1112 4027 post
1129 3973 1182 4034 nou

82 4031 148 4080 'tueri
167 4041 346 4100 suscoperunt.
381 4033 434 4084 Dio
456 4033 528 4084 Cass.
550 4032 600 4098 43,
666 4036 742 4082 nimis
758 4035 884 4099 copiosam
905 4046 923 4078 a
941 4046 968 4098 u.
982 4025 1120 4095 legendum
1140 4039 1183 4074 rr·

86 4111 123 4168 22-
157 4099 202 4149 M.
235 4099 348 4150 lurinius
368 4097 504 4168 legendum
526 4107 601 4170 putat
661 4097 739 4157 dari,
762 4107 790 4149 et
807 4097 908 4148 confert
923 4045 1047 4146 borbon.
1068 4091 1087 4142 l.
1109 4089 1181 4169 &in

88 4163 263 4230 disseruerunt
275 4165 524 4230 (scilvoteranae),
536 4183 601 4234 quae
667 4165 706 4215 M.
723 4164 752 4216 Si
761 4161 947 4234 scwnditatem
962 4163 1073 4210 retinere
1087 4156 1185 4220 malis„

88 4245 103 4278 a
126 4229 253 4282 Trebonio
277 4233 473 4302 transjigeranr
498 4237 544 4295 (v.
567 4235 602 4284 A.
668 4229 782 4298 intelligi
806 4237 894 4299 potest
918 4226 951 4279 ds
975 4234 1043 4277 tarra
1063 4224 1183 4304 globosa,

14 4303 16 4320 ³
88 4298 134 4358 64)
148 4311 172 4346 er
191 4299 341 4360 vernacula,
357 4299 389 4352 de
408 4317 460 4368 qua
477 4297 602 4368 deinceps
670 4298 819 4357 frumento,
838 4294 958 4364 frugibus
978 4292 1092 4350 suendis
1108 4300 1183 4362 apta2

89 4378 109 4415 r·
128 4379 169 4412 ιο.
190 4381 228 4414 12.
246 4381 285 4416 20.
497 4383 500 4388 ·
670 4363 801 4432 aggeribus
817 4361 951 4417 struendis
972 4361 1060 4414 minus
1081 4359 1185 4412 idonea.

14 4467 15 4472 =
118 4445 150 4478 ex
169 4431 289 4502 firgitivis
323 4431 465 4484 miriliares
499 4432 626 4482 consini..
673 4431 740 4484 ord.
763 4488 766 4495 ,
870 4485 872 4490 ,
977 4439 982 4448 ’
