3044 5316
387 383 468 450 ua.
503 387 595 448 ear.
634 353 708 451 56.
747 357 821 482 57.
1103 356 1163 454 53

53 585 175 676 beret,
200 585 380 662 seditione
405 589 525 676 lacta,
543 591 832 684 Centurionibus
850 591 993 692 aliquot
1007 594 1167 682 occisis,

10 779 11 792 ,
54 707 112 802 qui
139 708 248 804 signa
273 703 354 778 tolli
381 729 455 789 non
481 709 739 805 patiebantur,
765 711 969 784 discessisse
988 715 1027 782 et
1045 712 1091 782 ad
1109 737 1166 784 se·

10 857 11 886 r
54 821 216 896 cundem
242 820 424 922 legionem
451 823 710 914 contendisse,
726 849 827 923 quae
854 827 901 898 ad
927 825 1065 898 fretum
1092 824 1165 902 alio

52 941 182 1012 itinere
210 939 426 1012 ducebatur.
465 941 624 1041 Cognita
652 967 719 1031 re,
741 947 857 1016 noctu
884 969 968 1018 curn
997 947 1166 1043 quinque

10 1049 13 1198 q
54 1051 274 1128 cohortibus
301 1051 709 1128 undevicesimanorum
737 1058 1168 1158 egreditur3manelper·

10 1199 12 1254 ;
51 1167 167 1238 venit.
207 1167 260 1238 lbi
277 1189 375 1266 ¹eum
401 1166 525 1271 diem,
550 1177 617 1260 ut,
641 1171 730 1268 quid
757 1179 953 1272 ageretur,
979 1173 1166 1270 perspice-

50 1289 125 1370 ret„
152 1289 344 1369 moretm,
369 1282 597 1358 Carmonem
625 1287 828 1360 contendit.
855 1285 945 1376 Hic,
972 1311 1087 1385 quum
1116 1287 1166 1360 le-

10 1361 12 1418 '
51 1401 111 1497 gio
139 1401 266 1488 XXX,
293 1406 331 1479 et
356 1401 479 1478 xxxi
505 1409 544 1476 et
570 1403 742 1476 cohortes
769 1413 930 1501 quatuor
956 1429 1003 1478 ex
1034 1408 1163 1502 quinta

49 1515 194 1615 legione
221 1523 398 1616 tutusque
425 1521 660 1594 convenisset
685 1523 896 1616 equitatus,
921 1522 1046 1610 audit,
1073 1546 1164 1619 qua·

48 1639 144 1707 tuor·
163 1636 355 1724 cohortes,
380 1661 402 1706 a
429 1633 637 1712 vernaculis
655 1639 847 1735 obpressas
862 1638 909 1711 ad
926 1629 1163 1730 Obuculam,

48 1772 137 1820 oum
164 1745 230 1820 his.
247 1749 295 1824 ad
321 1747 521 1848 secundam
549 1753 756 1848 pervenisse
784 1752 988 1855 legionem,
1014 1777 1159 1827 omnes·

10 1851 12 1892 i
49 1889 120 1961 que
148 1865 200 1938 ibi
227 1886 266 1937 ¹se
293 1866 527 1939 coniunxisse
552 1873 591 1938 et
631 1868 673 1940 T.
709 1867 889 1940 Thorium
927 1869 1162 1947 ltalicensem
1276 1926 1289 1948 ι

10 2035 11 2066 1
46 1980 192 2055 Ducem
221 1978 406 2086 delegisse.
450 1978 774 2058 Celeriterhabito
800 1981 975 2073 consilio,
1001 1983 1160 2058 Marcel·

46 2090 126 2163 lum
152 2091 389 2183 Cordubam,
416 2100 458 2167 ut
484 2117 566 2166 eam
593 2096 629 2170 in
658 2102 842 2194 potestate
875 2095 1079 2186 retineret,
1111 2099 1158 2194 Q.

46 2208 216 2282 Cassium
242 2209 424 2306 Legatum
451 2207 631 2308 Hispalim
659 2216 790 2286 mittit.
817 2213 949 2286 Paucis
977 2215 1009 2286 ei
1030 2195 1162 2290 diebus
1206 2238 1210 2252 ’

47 2327 236 2416 adfertur,
265 2333 496 2401 conventum
522 2329 797 2404 cordubensem
824 2331 871 2403 ab
900 2357 944 2404 eo
971 2331 1163 2425 defecisse,

45 2440 343 2539 Marcellumque
368 2452 435 2515 aut
462 2441 679 2532 voluntate,
705 2452 773 2518 aut
799 2445 1017 2518 necessitate
1044 2445 1160 2518 addu-

46 2565 177 2646 ctum,
207 2580 365 2657 namque
378 2558 419 2648 id
435 2559 537 2634 varie
556 2560 825 2648 nunciabatur,
839 2563 1049 2638 consentire
1067 2585 1156 2637 cum

47 2675 372 2762 Cordubensibus3
384 2658 491 2748 xdiras
508 2675 682 2762 cohortes
700 2674 853 2776 legionis
871 2681 1048 2775 quintae,
1065 2702 1160 2775 quae

46 2793 199 2868 fuerant
225 2791 420 2866 Cordubae
447 2792 485 2863 in
512 2791 715 2890 praesidio,
741 2792 842 2883 idem
870 2793 1004 2868 facere.
1069 2795 1162 2874 Cas-

47 2909 142 2998 sius,
176 2905 239 2978 his‘
269 2907 379 2979 rebus
403 2907 597 2995 incensus,
622 2911 752 3014 movet
777 2913 900 2982 eastra
936 2913 975 2984 et
1009 2915 1161 3010 postero

49 3019 106 3092 die
134 3019 337 3120 Segouiam
363 3019 411 3095 ad
436 3018 574 3098 flumen
600 3019 776 3096 Silicense
804 3021 919 3094 venit.
991 3021 1074 3111 lbi,
1099 3021 1163 3096 ha·

46 3219 124 3287 pius,
146 3197 227 3271 <liius
244 3234 259 3268 a
276 3215 455 3288 Wessaliagio
471 3214 505 3270 ad
521 3215 575 3271 Aa·
668 3235 743 3270 mane
756 3221 880 3288 paeane.
898 3217 1012 3270 luriuins
1028 3217 1163 3271 interserit

45 3285 136 3338 tonini
161 3285 251 3336 itiner.
276 3302 304 3354 p.
330 3293 376 3350 411
400 3285 573 3344 admonitus,
635 3285 735 3356 Leptin.
978 3351 984 3361 .
1138 3343 1140 3348 ¹

10 3377 12 3400 l
45 3353 160 3422 Iaepam
186 3351 303 3416 maluitz,
329 3360 432 3422 poterat
459 3351 554 3408 addere
566 3390 575 3414 ,
622 3374 625 3378 ·
671 3354 835 3404 Germanum.
855 3350 898 3402 Sic
915 3348 1010 3418 scalig.
1027 3365 1059 3402 ex
1077 3367 1162 3400 amen·

45 3418 168 3472 Suritam
196 3417 228 3472 ad
250 3417 328 3473 illum
353 3417 439 3472 locum
463 3419 574 3472 soluisse
636 3417 744 3472 datione
771 3415 928 3472 lllrcllicaui.
953 3417 1038 3486 Vulgo
1062 3417 1162 3468 Cardo·

44 3483 93 3555 legi
119 3489 240 3554 Laepan.
265 3484 357 3555 Quid,
378 3489 402 3538 si
425 3487 574 3550 fateamur,
635 3504 712 3552 nam,
738 3487 900 3546 Carbonem.
928 3483 1086 3543 Nabataeus.
1115 3483 1160 3540 Ct'.

44 3570 92 3612 nos
105 3552 232 3606 nescire?
247 3554 291 3605 Au
309 3553 387 3624 plane
403 3571 507 3606 necesse
518 3563 575 3616 est,
637 3573 660 3608 c.
677 3557 719 3620 64.

44 3631 94 3681 ut,
113 3620 163 3672 uhi
181 3617 251 3672 nihil
267 3631 357 3690 potest
373 3619 442 3674 effici
452 3657 460 3684 ,
486 3621 584 3674 tamon¹
671 3639 704 3673 ex
727 3624 817 3690 quintu
840 3618 947 3741 &iona
970 3619 1011 3670 lta
1028 3617 1163 3672 Daviset

42 3688 150 3757 quidvis
170 3685 311 3740 tentetur?
335 3689 375 3738 M.
391 3689 505 3758 Luepam
522 3707 574 3742 ma·
637 3685 759 3758 Clarltins
777 3705 839 3740 axe

41 3772 125 3822 gnam
135 3753 251 3807 Ptolem.
260 3773 284 3816 2,
296 3763 320 3819 4.
329 3753 417 3814 hahet,
507 3755 577 3808 vida·
610 3773 613 3778 ·
638 3766 665 3808 et
682 3755 714 3808 V
725 3756 800 3825 legio.
866 3817 869 3822 Ι
1011 3784 1019 3794 ,

43 3833 88 3876 tur
96 3841 156 3874 esse
169 3821 239 3891 Ilipa
245 3820 383 3875 Strabonis
390 3821 422 3872 1..
449 3859 456 3874 .
469 3839 497 3892 p.
509 3831 564 3888 141.
674 3821 819 3874 Obaartam.
834 3821 912 3874 Cous.
927 3817 1044 3874 Wesscl.
1056 3817 1090 3872 ad
1103 3820 1163 3870 Au-

74 3890 366 3946 undevr'oesimanorum.
393 3885 430 3942 Le
450 3891 473 3942 'o
494 3889 579 3950 unde,
639 3897 695 3945 tun.
712 3891 772 3948 itin.
790 3908 816 3960 p.
835 3892 895 3954 413.

42 3957 173 4009 vicesima
186 3956 352 4024 uonadfuit3
368 3956 415 4010 sed
459 3957 577 4020 ,XXX,
672 3957 787 4010 eunnlio.
806 3955 857 4010 vul
874 3974 891 4006 o
906 3955 1020 4006 munitio.

43 4022 106 4074 XXI
133 4033 163 4075 et
192 4024 233 4078 V.
254 4033 286 4076 ut
313 4018 387 4092 patet
411 4027 512 4094 scapi,
535 4025 576 4085 ⁵3,
673 4024 816 4094 Segouiam.
871 4021 925 4077 ulla
948 4022 976 4072 in
1002 4019 1052 4072 hoc
1076 4025 1163 4072 tractu

44 4089 138 4142 Scribe
156 4091 251 4162 itaque
267 4107 326 4142 cum
344 4089 375 4140 Li
397 4091 456 4154 sio,
483 4095 580 4153 ιιιιιεενί-Ι
639 4089 748 4162 Segovia
765 4098 828 4166 uota
845 4097 900 4165 est}
916 4087 1043 4166 ¹Saguntia
1059 4095 1163 4148 autem,

44 4163 253 4224 cesimanorum,
271 4157 312 4209 uti
323 4107 396 4228 apud
407 4157 490 4210 Tacit.
503 4159 575 4210 Anu.
640 4161 696 4210 siva
713 4157 842 4224 Saguntia
858 4153 961 4222 Plinii,
978 4162 1023 4206 aut
1040 4161 1164 4222 Σαγουνςίκ
1194 4168 1197 4191 1

48 4239 75 4282 1,
94 4223 138 4287 37,
160 4224 230 4275 Oud.
254 4223 323 4278 Srmt
339 4225 576 4292 unetvicesimani,
640 4223 798 4291 Ptolemaei,
818 4223 886 4277 infra
903 4221 1034 4293 Hispalim
1051 4231 1092 4275 est
1110 4225 1165 4276 lla·

46 4289 148 4346 auilites
161 4291 187 4343 la
206 4291 273 4342 ‘onis
285 4292 420 4369 primaeet
430 4294 577 4354 vicesimae,
640 4293 686 4346 ‹les
703 4309 806 4352 versus,
835 4292 905 4358 inter
922 4289 1052 4344 Mundam
1068 4299 1095 4344 et
1111 4290 1164 4344 Ne-

48 4367 79 4407 ιιι
97 4375 182 4425 secun
217 4359 248 4409 ui
264 4357 406 4420 dicuntur,
423 4369 451 4410 et
467 4359 526 4410 alia.
535 4358 577 4411 M.
641 4357 762 4411 brissam.
781 4357 878 4410 Cellar.
1163 4377 1184 4388 ,-

80 4425 337 4492 egredaurcassim.
347 4427 456 4489 Monuit
471 4425 577 4486 oud-M.
663 4431 768 4511 Jlunreu
795 4427 925 4482 Silicense.
964 4423 997 4486 lu
1029 4423 1072 4486 hia
1098 4424 1163 4486 lectt

875 3687 900 3742 d·
925 3685 1071 3756 Legebatur
1088 3687 1164 3768 priua
1180 3732 1183 3742 ‚
1255 3731 1257 3746 ,
