3044 5316
299 365 394 478 14'
483 393 523 452 r.
559 391 699 452 rrrnru
733 389 789 450 nr
823 385 959 450 annuo
994 385 1213 449 sarxena.

232 585 247 658 ss
289 597 428 676 merito
466 621 643 672 casurum
684 595 888 670 iudicabat.
930 593 1120 668 Proelium
1165 593 1414 668 commissum
1469 667 1473 674 ,

289 719 348 788 est
373 738 510 814 magna
549 713 790 786 contentione
815 707 1074 810 Rhodiorum:
1103 707 1196 806 qui,
1222 731 1340 804 quum
1367 709 1410 780 in

288 827 464 902 omnibus
497 824 799 900 dimicationibus
825 831 865 900 et
890 825 1046 899 scientia
1072 829 1111 895 et
1136 822 1278 894 virtute
1305 844 1416 920 prae·

288 943 497 1034 stitissent,
533 951 617 1016 tum
660 943 822 1014 maxime
848 939 918 1013 illo'
937 946 1107 1036 tempore
1146 941 1272 1008 totum
1312 959 1411 1009 onus

286 1058 469 1132 sustinere
501 1083 576 1131 non
614 1057 864 1144 recusabant,
891 1079 936 1127 ne
964 1052 1066 1152 quod
1106 1075 1260 1124 suorum
1299 1050 1414 1150 culpa

286 1171 559 1248 detrimentum
585 1181 781 1272 acceptum
810 1170 1012 1244 videretur.
1058 1169 1117 1241 lta
1144 1163 1329 1265 proelium
1355 1191 1415 1239 se·

189 1381 191 1386 ¹
286 1288 557 1364 cundissimum
590 1295 648 1363 est
682 1287 839 1386 lactum.
898 1287 1018 1385 Capta
1056 1290 1113 1358 est
1138 1307 1213 1356 una
1241 1281 1412 1354 hostium

284 1401 556 1500 quadriremis,
583 1401 754 1502 depressa
780 1411 838 1477 est
863 1401 1006 1476 altera:
1035 1398 1168 1472 deinde
1203 1396 1298 1469 duae
1325 1421 1412 1468 om-

283 1517 395 1591 nibus
422 1517 579 1618 epibatis
607 1518 792 1593 nudataer
819 1543 954 1618 magna
980 1522 1174 1617 praeterea
1201 1512 1410 1586 multitudo

262 1633 328 1708 in
365 1633 516 1734 reliquis
556 1637 715 1710 navibus
754 1643 1078 1735 propugnatorum
1113 1635 1171 1703 est
1196 1629 1409 1702 interfecta.

285 1750 400 1844 Quod
427 1753 495 1826 nisi
517 1778 594 1827 nox
612 1751 795 1852 proelium
832 1751 1062 1838 diremisset,
1090 1752 1174 1822 tota
1200 1745 1316 1820 classe
1342 1745 1411 1818 ho·

283 1865 401 1937 suum
419 1866 554 1942 Caesar
574 1869 715 1967 potitus
733 1872 841 1940 esset.
860 1869 942 1940 Hac
962 1864 1178 1938 calamitate
1199 1861 1410 1960 perterritis

286 1975 483 2070 hostibus,
510 1981 667 2056 adverso
693 1989 808 2056 vento
835 1979 969 2054 leniter
1007 1977 1147 2068 flante,
1174 2001 1290 2050 naves
1317 2001 1408 2049 one·

285 2097 404 2169 rarias
430 2097 566 2172 Caesar
590 2097 759 2172 remulco
786 2097 1005 2173 victricibus
1031 2097 1106 2170 suis
1133 2095 1293 2169 navibus
1318 2093 1409 2169 Ale-

286 2209 485 2284 xandriam
512 2211 677 2292 deducit.

339 2349 397 2396 12.
424 2325 480 2398 Eo
508 2325 735 2402 detrimento
766 2329 859 2402 adeo
877 2335 975 2402 'sunt
1001 2329 1111 2404 fracti
1135 2325 1407 2412 Alexandrini,

288 2462 409 2536 quum
433 2439 509 2512 iam
536 2463 611 2514 rron
632 2441 772 2514 virtute
791 2449 1132 2542 propugnatorum,
1159 2441 1222 2514 sed
1249 2440 1408 2515 scientia

288 2553 582 2645 classiariorum,
605 2577 643 2627 se
671 2553 795 2628 victos
812 2551 1006 2647 viderent,
1024 2558 1061 2592 **
1078 2557 1214 2655 quibus
1240 2561 1281 2630 et
1307 2579 1410 2654 supe-

284 2671 446 2744 rioribus
462 2668 554 2742 locis
571 2669 887 2761 sublevabantur,
913 2677 957 2744 ut
985 2696 1032 2744 ex
1058 2661 1238 2744 aedificiis
1260 2667 1409 2744 defendi

284 2793 462 2888 possent:
490 2792 528 2862 et
555 2785 753 2858 materiam
771 2792 950 2861 cunctam
968 2789 1200 2880 obiicerent,
1226 2789 1328 2888 quod
1346 2813 1409 2862 no·

284 2906 386 2972 strae
413 2897 538 2972 classis
565 2901 882 3000 obpugnationem
911 2904 1025 2978 etiam
1052 2904 1100 2977 ad
1126 2911 1266 2978 terrain
1297 2927 1409 2977 vere·-

283 3007 439 3092 bantur.
464 3016 602 3106 Iidem,
621 3023 753 3116 postea
779 3042 895 3115 quam
913 3019 1150 3117 Ganymedes
1176 3023 1214 3095 in
1241 3020 1402 3096 concilio

283 3134 553 3223 confirmavit,
579 3157 656 3206 sese
683 3138 722 3206 et
748 3158 829 3225 eas,
864 3159 959 3232 quae
995 3147 1117 3212 essent
1147 3141 1323 3230 amissae,
1347 3162 1408 3212 re-

283 3252 510 3328 stituturum
528 3254 567 3324 et
585 3271 786 3323 numerum
804 3247 1085 3342 adaucturum,
1111 3276 1248 3352 magna
1274 3277 1338 3352 spe
1364 3257 1407 3326 et

312 3487 434 3554 depressa
461 3499 500 3539 ert
528 3487 624 3539 altera.
654 3486 719 3538 Post
744 3483 809 3538 baec

279 3553 360 3606 verba
372 3553 448 3606 codd.
461 3557 618 3606 recentiores
628 3553 747 3632 addunt,
764 3553 807 3604 al-

279 3622 562 3741 tlttlt'tttl}
578 3630 807 3754 ³iii¹li¹⁰if⁸b⁰i

278 3773 328 3825 pro
335 3757 490 3874 perturbata
506 3753 531 3806 le
549 3755 555 3767 ⁶
573 3753 653 3806 vellet
661 3755 806 3827 perspecto.

278 3823 317 3874 M.
341 3841 451 3902 'urrnrus
467 3821 514 3875 dat
556 3839 649 3892 pressa
665 3835 704 3875 est
719 3823 807 3875 altera

297 3903 422 3942 erorata.

274 3891 403 4036 pricipale
427 3986 540 4037 anmatos
565 3983 680 4056 (vulgo,
697 3991 805 4052 omnes)

277 4055 343 4168 epip.
361 4053 481 4102 nudatae.
498 4052 583 4105 Facile
595 4053 671 4106 credo
689 4053 824 4142 Davisius

297 4137 338 4167 em
354 4120 419 4171 dnae
436 4119 572 4189 legendum
590 4136 659 4187 esse3
676 4130 722 4173 out
743 4123 805 4174 lur-

273 4183 362 4244 focho,
379 4185 446 4237 duce
464 4205 511 4256 pro
527 4187 618 4238 detrude
635 4187 741 4262 legenti.
763 4190 805 4244 De

277 4250 393 4322 epibatis
408 4253 461 4306 vid.
478 4253 536 4306 Ind.
551 4255 594 4306 M.

311 4356 422 4407 remulco
444 4387 476 4397 —
494 4359 522 4410 h.
546 4379 570 4412 e.
592 4371 682 4434 captos
703 4383 802 4425 naves.

875 3485 931 3539 suis
947 3484 1080 3549 navibus,
1098 3486 1213 3541 deducit.
1231 3489 1269 3540 M.
1288 3489 1407 3560 Quidam

875 3553 952 3608 codd.
970 3558 1098 3624 remigio,
1123 3557 1190 3608 vitio
1206 3554 1384 3610 librariorum.

909 3623 1022 3674 mrbus.
1034 3622 1149 3676 Addidit
1160 3623 1284 3678 Oudeud.
1296 3645 1311 3678 e
1324 3627 1404 3683 codd.

875 3687 950 3742 Idem
976 3688 1068 3742 mallet
1083 3709 1140 3742 eum
1161 3697 1232 3745 victe.
1249 3697 1302 3745 suis
1325 3701 1403 3748 navi-

874 3758 927 3810 bus.
943 3758 1021 3812 Bene.

907 3844 941 3876 er
957 3828 1090 3884 aefflffciis.
1107 3827 1263 3884 ciacconius
1280 3837 1325 3884 vir
1342 3833 1402 3886 aed.

873 3893 1037 3972 correxerat,
1062 3896 1136 3966 quod
1157 3894 1203 3947 alii
1228 3905 1403 3970 receperunt}

873 3979 1003 4032 quianon
1015 3964 1255 4018 animadverterant
1267 3966 1400 4030 lacunam,

871 4029 1124 4176 lltltltltttt
1141 4034 1400 4170 {blaltt'tt

871 4165 1008 4232 coniungit
1024 4164 1116 4218 dicta:
1134 4187 1152 4218 α
1168 4169 1256 4238 quidus
1284 4170 1401 4234 (Caesa-

871 4236 954 4286 rianio
966 4232 1129 4299 classiariis)
1146 4236 1322 4289 Alexnrdrini
1334 4242 1400 4289 enri-

870 4301 1026 4351 nentioribns
1043 4301 1104 4352 locis
1122 4303 1325 4355 sublevabuntur.
1338 4304 1399 4362 Cel·

870 4365 950 4420 larius
972 4366 1024 4437 legi
1046 4368 1108 4428 vult
1133 4374 1178 4442 qui
1203 4383 1229 4424 et
1256 4389 1309 4442 sup.
1332 4371 1398 4426 locis

276 4421 393 4477 remulco
421 4425 496 4491 (rid.
524 4427 606 4494 lnd.)
635 4429 757 4499 religatas
785 4450 801 4484 ο
867 4434 1103 4492 catarracte
