<?xml version="1.0" encoding="UTF-8"?>
<!DOCTYPE html PUBLIC "-//W3C//DTD XHTML 1.0 Transitional//EN"
    "http://www.w3.org/TR/xhtml1/DTD/xhtml1-transitional.dtd">
<html xmlns="http://www.w3.org/1999/xhtml" xml:lang="en" lang="en">
 <head>
  <title>
</title>
<meta http-equiv="Content-Type" content="text/html;charset=utf-8" />
  <meta name='ocr-system' content='tesseract 3.04.00' />
  <meta name='ocr-capabilities' content='ocr_page ocr_carea ocr_par ocr_line ocrx_word'/>
</head>
<body>
  <div class='ocr_page' id='page_1' title='image "./ciuliicaesarisc00hirtgoog_0154.png"; bbox 0 0 3030 5318; ppageno 0'>
   <div class='ocr_carea' id='block_1_1' title="bbox 354 366 1258 479">
    <p class='ocr_par' dir='ltr' id='par_1_1' title="bbox 354 366 1258 479">
     <span class='ocr_line' id='line_1_1' title="bbox 354 366 1258 479; baseline -0.008 -25"><span class='ocrx_word' id='word_1_1' title='bbox 354 366 441 479; x_wconf 65' lang='lat'><strong>143</strong></span> <span class='ocrx_word' id='word_1_2' title='bbox 544 396 582 454; x_wconf 79' lang='lat' dir='ltr'><strong>r.</strong></span> <span class='ocrx_word' id='word_1_3' title='bbox 617 385 1011 460; x_wconf 57' lang='lat' dir='ltr'><strong>rnrr&#39;ruor‘ounro</strong></span> <span class='ocrx_word' id='word_1_4' title='bbox 1045 389 1258 458; x_wconf 72' lang='lat' dir='ltr'><strong>rrarcluo</strong></span> 
     </span>
    </p>
   </div>
   <div class='ocr_carea' id='block_1_2' title="bbox 294 593 1467 3682">
    <p class='ocr_par' dir='ltr' id='par_1_2' title="bbox 345 593 1458 1041">
     <span class='ocr_line' id='line_1_2' title="bbox 346 593 1456 696; baseline -0.004 -27"><span class='ocrx_word' id='word_1_5' title='bbox 346 593 466 683; x_wconf 80' lang='lat' dir='ltr'><strong>fecto,</strong></span> <span class='ocrx_word' id='word_1_6' title='bbox 484 593 530 666; x_wconf 85' lang='lat' dir='ltr'><strong>ab</strong></span> <span class='ocrx_word' id='word_1_7' title='bbox 548 595 728 667; x_wconf 89' lang='lat' dir='ltr'><strong>universis</strong></span> <span class='ocrx_word' id='word_1_8' title='bbox 743 594 957 672; x_wconf 81' lang='lat' dir='ltr'>cohortibus</span> <span class='ocrx_word' id='word_1_9' title='bbox 976 595 1079 696; x_wconf 84' lang='lat' dir='ltr'><strong>signa</strong></span> <span class='ocrx_word' id='word_1_10' title='bbox 1096 594 1134 666; x_wconf 92' lang='lat' dir='ltr'><strong>in</strong></span> <span class='ocrx_word' id='word_1_11' title='bbox 1150 594 1296 666; x_wconf 83' lang='lat' dir='ltr'><strong>hostem</strong></span> <span class='ocrx_word' id='word_1_12' title='bbox 1317 617 1456 690; x_wconf 49' lang='lat' dir='ltr'><strong>coepes·</strong></span> 
     </span>
     <span class='ocr_line' id='line_1_3' title="bbox 345 695 1457 815; baseline 0.002 -33"><span class='ocrx_word' id='word_1_13' title='bbox 345 735 385 783; x_wconf 91' lang='lat' dir='ltr'><strong>re</strong></span> <span class='ocrx_word' id='word_1_14' title='bbox 403 710 548 815; x_wconf 82' lang='lat' dir='ltr'><strong>inferri;</strong></span> <span class='ocrx_word' id='word_1_15' title='bbox 565 695 680 808; x_wconf 89' lang='lat' dir='ltr'><strong>quum</strong></span> <span class='ocrx_word' id='word_1_16' title='bbox 700 712 942 788; x_wconf 79' lang='lat' dir='ltr'><strong>Centuriones</strong></span> <span class='ocrx_word' id='word_1_17' title='bbox 960 721 1111 812; x_wconf 77' lang='lat' dir='ltr'><strong>pectore</strong></span> <span class='ocrx_word' id='word_1_18' title='bbox 1132 711 1287 784; x_wconf 87' lang='lat' dir='ltr'><strong>adverso</strong></span> <span class='ocrx_word' id='word_1_19' title='bbox 1306 713 1457 785; x_wconf 89' lang='lat' dir='ltr'><strong>resiste·</strong></span> 
     </span>
     <span class='ocr_line' id='line_1_4' title="bbox 345 825 1458 925; baseline 0 -30"><span class='ocrx_word' id='word_1_20' title='bbox 345 832 431 906; x_wconf 85' lang='lat' dir='ltr'><strong>¹rent</strong></span> <span class='ocrx_word' id='word_1_21' title='bbox 448 826 558 922; x_wconf 88' lang='lat' dir='ltr'><strong>vique</strong></span> <span class='ocrx_word' id='word_1_22' title='bbox 573 828 806 904; x_wconf 83' lang='lat' dir='ltr'><strong>continerent</strong></span> <span class='ocrx_word' id='word_1_23' title='bbox 823 825 977 914; x_wconf 84' lang='lat' dir='ltr'><strong>milites,</strong></span> <span class='ocrx_word' id='word_1_24' title='bbox 996 851 1041 904; x_wconf 87' lang='lat' dir='ltr'><strong>ne</strong></span> <span class='ocrx_word' id='word_1_25' title='bbox 1056 826 1196 900; x_wconf 89' lang='lat' dir='ltr'><strong>iniussu</strong></span> <span class='ocrx_word' id='word_1_26' title='bbox 1214 825 1458 925; x_wconf 86' lang='lat' dir='ltr'><strong>lmperatoris</strong></span> 
     </span>
     <span class='ocr_line' id='line_1_5' title="bbox 348 941 1217 1041; baseline -0.003 -24"><span class='ocrx_word' id='word_1_27' title='bbox 348 949 631 1031; x_wconf 83' lang='lat' dir='ltr'><strong>concurrerent,</strong></span> <span class='ocrx_word' id='word_1_28' title='bbox 659 941 954 1038; x_wconf 84' lang='lat' dir='ltr'><strong>necquidquam</strong></span> <span class='ocrx_word' id='word_1_29' title='bbox 982 942 1217 1041; x_wconf 88' lang='lat' dir='ltr'><strong>proficerent.</strong></span> 
     </span>
    </p>

    <p class='ocr_par' dir='ltr' id='par_1_3' title="bbox 311 1058 1461 1384">
     <span class='ocr_line' id='line_1_6' title="bbox 398 1058 1457 1158; baseline -0.005 -24"><span class='ocrx_word' id='word_1_30' title='bbox 398 1061 459 1136; x_wconf 82' lang='lat'><strong>83.</strong></span> <span class='ocrx_word' id='word_1_31' title='bbox 478 1060 587 1153; x_wconf 87' lang='lat' dir='ltr'><strong>Quod</strong></span> <span class='ocrx_word' id='word_1_32' title='bbox 606 1066 805 1158; x_wconf 87' lang='lat' dir='ltr'><strong>postquam</strong></span> <span class='ocrx_word' id='word_1_33' title='bbox 822 1059 955 1132; x_wconf 85' lang='lat' dir='ltr'><strong>Caesar</strong></span> <span class='ocrx_word' id='word_1_34' title='bbox 971 1058 1173 1148; x_wconf 83' lang='lat' dir='ltr'><strong>intellexit,</strong></span> <span class='ocrx_word' id='word_1_35' title='bbox 1199 1059 1361 1132; x_wconf 85' lang='lat' dir='ltr'><strong>incitatis</strong></span> <span class='ocrx_word' id='word_1_36' title='bbox 1381 1059 1457 1132; x_wconf 89' lang='lat' dir='ltr'><strong>mi·</strong></span> 
     </span>
     <span class='ocr_line' id='line_1_7' title="bbox 347 1171 1461 1271; baseline -0.006 -22"><span class='ocrx_word' id='word_1_37' title='bbox 347 1173 456 1250; x_wconf 90' lang='lat' dir='ltr'><strong>litum</strong></span> <span class='ocrx_word' id='word_1_38' title='bbox 471 1173 615 1248; x_wconf 74' lang='lat' dir='ltr'><strong>‘animis</strong></span> <span class='ocrx_word' id='word_1_39' title='bbox 642 1174 757 1246; x_wconf 86' lang='lat' dir='ltr'><strong>resisti</strong></span> <span class='ocrx_word' id='word_1_40' title='bbox 779 1171 880 1245; x_wconf 92' lang='lat' dir='ltr'><strong>nullo</strong></span> <span class='ocrx_word' id='word_1_41' title='bbox 902 1174 1014 1245; x_wconf 91' lang='lat' dir='ltr'><strong>modo</strong></span> <span class='ocrx_word' id='word_1_42' title='bbox 1040 1197 1168 1271; x_wconf 88' lang='lat' dir='ltr'><strong>posse,</strong></span> <span class='ocrx_word' id='word_1_43' title='bbox 1193 1173 1297 1270; x_wconf 83' lang='lat' dir='ltr'><strong>signo</strong></span> <span class='ocrx_word' id='word_1_44' title='bbox 1322 1171 1461 1243; x_wconf 84' lang='lat' dir='ltr'><strong>Felici-</strong></span> 
     </span>
     <span class='ocr_line' id='line_1_8' title="bbox 311 1286 1459 1384; baseline -0.01 -16"><span class='ocrx_word' id='word_1_45' title='bbox 311 1355 321 1368; x_wconf 92' lang='lat'><em>.</em></span> <span class='ocrx_word' id='word_1_46' title='bbox 348 1289 437 1363; x_wconf 83' lang='lat' dir='ltr'><strong>tatis</strong></span> <span class='ocrx_word' id='word_1_47' title='bbox 456 1287 563 1376; x_wconf 84' lang='lat' dir='ltr'><strong>dato,</strong></span> <span class='ocrx_word' id='word_1_48' title='bbox 582 1311 678 1383; x_wconf 87' lang='lat' dir='ltr'><strong>equo</strong></span> <span class='ocrx_word' id='word_1_49' title='bbox 705 1286 884 1375; x_wconf 84' lang='lat' dir='ltr'><strong>admisso,</strong></span> <span class='ocrx_word' id='word_1_50' title='bbox 902 1289 940 1360; x_wconf 94' lang='lat' dir='ltr'><strong>in</strong></span> <span class='ocrx_word' id='word_1_51' title='bbox 957 1289 1103 1360; x_wconf 86' lang='lat' dir='ltr'><strong>hostem</strong></span> <span class='ocrx_word' id='word_1_52' title='bbox 1122 1293 1254 1360; x_wconf 86' lang='lat' dir='ltr'><strong>contra</strong></span> <span class='ocrx_word' id='word_1_53' title='bbox 1272 1287 1459 1384; x_wconf 84' lang='lat' dir='ltr'><strong>principes</strong></span> 
     </span>
    </p>

    <p class='ocr_par' dir='ltr' id='par_1_4' title="bbox 294 1383 1463 2654">
     <span class='ocr_line' id='line_1_9' title="bbox 348 1383 1460 1494; baseline -0.009 -16"><span class='ocrx_word' id='word_1_54' title='bbox 348 1403 402 1480; x_wconf 92' lang='lat' dir='ltr'><strong>ire</strong></span> <span class='ocrx_word' id='word_1_55' title='bbox 437 1401 643 1494; x_wconf 84' lang='lat' dir='ltr'><strong>contendit.</strong></span> <span class='ocrx_word' id='word_1_56' title='bbox 711 1402 743 1474; x_wconf 85' lang='lat' dir='ltr'>A</span> <span class='ocrx_word' id='word_1_57' title='bbox 771 1401 903 1473; x_wconf 87' lang='lat' dir='ltr'><strong>dextro</strong></span> <span class='ocrx_word' id='word_1_58' title='bbox 929 1403 1078 1475; x_wconf 89' lang='lat' dir='ltr'><strong>interim</strong></span> <span class='ocrx_word' id='word_1_59' title='bbox 1102 1383 1221 1476; x_wconf 72' lang='lat' dir='ltr'><strong>cornu</strong></span> <span class='ocrx_word' id='word_1_60' title='bbox 1250 1399 1460 1471; x_wconf 84' lang='lat' dir='ltr'><strong>funditores</strong></span> 
     </span>
     <span class='ocr_line' id='line_1_10' title="bbox 329 1515 1460 1618; baseline -0.007 -24"><span class='ocrx_word' id='word_1_61' title='bbox 329 1519 606 1618; x_wconf 78' lang='lat' dir='ltr'><strong>&#39;sagittariique</strong></span> <span class='ocrx_word' id='word_1_62' title='bbox 639 1517 786 1596; x_wconf 85' lang='lat' dir='ltr'><strong>concita</strong></span> <span class='ocrx_word' id='word_1_63' title='bbox 817 1515 891 1590; x_wconf 84' lang='lat' dir='ltr'><strong>tela</strong></span> <span class='ocrx_word' id='word_1_64' title='bbox 923 1518 960 1592; x_wconf 91' lang='lat' dir='ltr'><strong>in</strong></span> <span class='ocrx_word' id='word_1_65' title='bbox 997 1516 1210 1616; x_wconf 81' lang='lat' dir='ltr'><strong>elephantos</strong></span> <span class='ocrx_word' id='word_1_66' title='bbox 1244 1515 1460 1612; x_wconf 78' lang='lat' dir='ltr'><strong>frequentes·</strong></span> 
     </span>
     <span class='ocr_line' id='line_1_11' title="bbox 350 1623 1460 1722; baseline -0.005 -16"><span class='ocrx_word' id='word_1_67' title='bbox 350 1634 533 1706; x_wconf 80' lang='lat' dir='ltr'><strong>inliciunt.</strong></span> <span class='ocrx_word' id='word_1_68' title='bbox 614 1633 698 1722; x_wconf 82' lang='lat' dir='ltr'><strong>Quo</strong></span> <span class='ocrx_word' id='word_1_69' title='bbox 733 1629 854 1720; x_wconf 85' lang='lat' dir='ltr'><strong>facto,</strong></span> <span class='ocrx_word' id='word_1_70' title='bbox 876 1623 1045 1721; x_wconf 76' lang='lat' dir='ltr'><strong>hestiae,</strong></span> <span class='ocrx_word' id='word_1_71' title='bbox 1071 1631 1228 1705; x_wconf 83' lang='lat' dir='ltr'><strong>stridore</strong></span> <span class='ocrx_word' id='word_1_72' title='bbox 1256 1629 1460 1702; x_wconf 86' lang='lat' dir='ltr'><strong>fundarum</strong></span> 
     </span>
     <span class='ocr_line' id='line_1_12' title="bbox 350 1743 1463 1845; baseline -0.003 -27"><span class='ocrx_word' id='word_1_73' title='bbox 350 1745 591 1845; x_wconf 86' lang='lat' dir='ltr'><strong>lapidumque</strong></span> <span class='ocrx_word' id='word_1_74' title='bbox 618 1743 834 1833; x_wconf 81' lang='lat' dir='ltr'><strong>deterritae,</strong></span> <span class='ocrx_word' id='word_1_75' title='bbox 852 1769 928 1818; x_wconf 89' lang='lat' dir='ltr'><strong>sese</strong></span> <span class='ocrx_word' id='word_1_76' title='bbox 953 1753 1171 1819; x_wconf 85' lang='lat' dir='ltr'><strong>convertere</strong></span> <span class='ocrx_word' id='word_1_77' title='bbox 1198 1753 1237 1820; x_wconf 89' lang='lat' dir='ltr'><strong>et</strong></span> <span class='ocrx_word' id='word_1_78' title='bbox 1261 1769 1346 1817; x_wconf 89' lang='lat' dir='ltr'><strong>suos</strong></span> <span class='ocrx_word' id='word_1_79' title='bbox 1372 1750 1463 1842; x_wconf 82' lang='lat' dir='ltr'><strong>&#39;post</strong></span> 
     </span>
     <span class='ocr_line' id='line_1_13' title="bbox 353 1853 1463 1958; baseline -0.003 -25"><span class='ocrx_word' id='word_1_80' title='bbox 353 1883 392 1933; x_wconf 89' lang='lat' dir='ltr'><strong>se</strong></span> <span class='ocrx_word' id='word_1_81' title='bbox 419 1853 629 1956; x_wconf 85' lang='lat' dir='ltr'><strong>frequentes</strong></span> <span class='ocrx_word' id='word_1_82' title='bbox 655 1860 881 1956; x_wconf 88' lang='lat' dir='ltr'><strong>stipatusque</strong></span> <span class='ocrx_word' id='word_1_83' title='bbox 909 1866 1095 1958; x_wconf 86' lang='lat' dir='ltr'><strong>proterere</strong></span> <span class='ocrx_word' id='word_1_84' title='bbox 1114 1866 1153 1934; x_wconf 91' lang='lat' dir='ltr'><strong>et</strong></span> <span class='ocrx_word' id='word_1_85' title='bbox 1170 1861 1208 1932; x_wconf 92' lang='lat' dir='ltr'><strong>in</strong></span> <span class='ocrx_word' id='word_1_86' title='bbox 1226 1864 1351 1958; x_wconf 85' lang='lat' dir='ltr'><strong>portas</strong></span> <span class='ocrx_word' id='word_1_87' title='bbox 1371 1856 1463 1930; x_wconf 86' lang='lat' dir='ltr'><strong>valli</strong></span> 
     </span>
     <span class='ocr_line' id='line_1_14' title="bbox 353 1973 1461 2069; baseline -0.001 -25"><span class='ocrx_word' id='word_1_88' title='bbox 353 1974 564 2056; x_wconf 81' lang='lat' dir='ltr'><strong>semifactas</strong></span> <span class='ocrx_word' id='word_1_89' title='bbox 586 1997 691 2052; x_wconf 90' lang='lat' dir='ltr'><strong>ruere</strong></span> <span class='ocrx_word' id='word_1_90' title='bbox 717 1976 962 2056; x_wconf 86' lang='lat' dir='ltr'><strong>contendunt.¹</strong></span> <span class='ocrx_word' id='word_1_91' title='bbox 1031 1977 1124 2048; x_wconf 88' lang='lat' dir='ltr'><strong>ltem</strong></span> <span class='ocrx_word' id='word_1_92' title='bbox 1149 1973 1272 2047; x_wconf 88' lang='lat' dir='ltr'><strong>Mauri</strong></span> <span class='ocrx_word' id='word_1_93' title='bbox 1294 1973 1461 2069; x_wconf 85' lang='lat' dir='ltr'><strong>equites,</strong></span> 
     </span>
     <span class='ocr_line' id='line_1_15' title="bbox 354 2088 1461 2189; baseline -0.005 -25"><span class='ocrx_word' id='word_1_94' title='bbox 354 2092 415 2188; x_wconf 90' lang='lat' dir='ltr'><strong>qui</strong></span> <span class='ocrx_word' id='word_1_95' title='bbox 442 2091 479 2162; x_wconf 93' lang='lat' dir='ltr'><strong>in</strong></span> <span class='ocrx_word' id='word_1_96' title='bbox 504 2089 632 2163; x_wconf 90' lang='lat' dir='ltr'><strong>eodem</strong></span> <span class='ocrx_word' id='word_1_97' title='bbox 653 2113 770 2162; x_wconf 89' lang='lat' dir='ltr'><strong>cornu</strong></span> <span class='ocrx_word' id='word_1_98' title='bbox 788 2114 874 2162; x_wconf 87' lang='lat' dir='ltr'><strong>cum</strong></span> <span class='ocrx_word' id='word_1_99' title='bbox 894 2089 1098 2189; x_wconf 88' lang='lat' dir='ltr'><strong>elephantis</strong></span> <span class='ocrx_word' id='word_1_100' title='bbox 1124 2097 1251 2178; x_wconf 88' lang='lat' dir='ltr'><strong>erant,</strong></span> <span class='ocrx_word' id='word_1_101' title='bbox 1278 2088 1461 2188; x_wconf 86' lang='lat' dir='ltr'><strong>praesidio</strong></span> 
     </span>
     <span class='ocr_line' id='line_1_16' title="bbox 294 2207 1462 2314; baseline -0.005 -29"><span class='ocrx_word' id='word_1_102' title='bbox 294 2301 299 2314; x_wconf 31' lang='grc' dir='ltr'>Ι</span> <span class='ocrx_word' id='word_1_103' title='bbox 354 2208 513 2297; x_wconf 81' lang='lat' dir='ltr'><strong>deserti,</strong></span> <span class='ocrx_word' id='word_1_104' title='bbox 543 2209 723 2306; x_wconf 89' lang='lat' dir='ltr'><strong>principes</strong></span> <span class='ocrx_word' id='word_1_105' title='bbox 749 2207 909 2306; x_wconf 80' lang='lat' dir='ltr'><strong>fugiunt.</strong></span> <span class='ocrx_word' id='word_1_106' title='bbox 930 2245 935 2256; x_wconf 92' lang='lat'><strong>·</strong></span> <span class='ocrx_word' id='word_1_107' title='bbox 956 2209 1012 2284; x_wconf 90' lang='lat' dir='ltr'><strong>Ita</strong></span> <span class='ocrx_word' id='word_1_108' title='bbox 1040 2207 1208 2283; x_wconf 87' lang='lat' dir='ltr'><strong>celeriter</strong></span> <span class='ocrx_word' id='word_1_109' title='bbox 1234 2207 1359 2278; x_wconf 89' lang='lat' dir='ltr'><strong>hestiis</strong></span> <span class='ocrx_word' id='word_1_110' title='bbox 1387 2207 1462 2280; x_wconf 91' lang='lat' dir='ltr'><strong>cir·</strong></span> 
     </span>
     <span class='ocr_line' id='line_1_17' title="bbox 312 2321 1463 2422; baseline -0.002 -28"><span class='ocrx_word' id='word_1_111' title='bbox 312 2380 315 2394; x_wconf 76' lang='grc'><strong>,</strong></span> <span class='ocrx_word' id='word_1_112' title='bbox 356 2322 527 2412; x_wconf 90' lang='lat' dir='ltr'><strong>cumitis,</strong></span> <span class='ocrx_word' id='word_1_113' title='bbox 540 2321 701 2422; x_wconf 77' lang='lat' dir='ltr'><strong>legiones</strong></span> <span class='ocrx_word' id='word_1_114' title='bbox 716 2321 813 2394; x_wconf 87' lang='lat' dir='ltr'><strong>vallo</strong></span> <span class='ocrx_word' id='word_1_115' title='bbox 827 2322 991 2403; x_wconf 84' lang='lat' dir='ltr'><strong>hostium</strong></span> <span class='ocrx_word' id='word_1_116' title='bbox 1009 2327 1095 2394; x_wconf 91' lang='lat' dir='ltr'><strong>sunt</strong></span> <span class='ocrx_word' id='word_1_117' title='bbox 1109 2323 1249 2419; x_wconf 83' lang='lat' dir='ltr'><strong>potitae</strong></span> <span class='ocrx_word' id='word_1_118' title='bbox 1267 2327 1318 2409; x_wconf 90' lang='lat' dir='ltr'><strong>et,</strong></span> <span class='ocrx_word' id='word_1_119' title='bbox 1332 2321 1463 2418; x_wconf 84' lang='lat' dir='ltr'><strong>paucis</strong></span> 
     </span>
     <span class='ocr_line' id='line_1_18' title="bbox 348 2429 1463 2538; baseline -0.002 -26"><span class='ocrx_word' id='word_1_120' title='bbox 348 2437 493 2514; x_wconf 74' lang='lat' dir='ltr'><strong>&#39;acriter</strong></span> <span class='ocrx_word' id='word_1_121' title='bbox 515 2429 805 2538; x_wconf 82' lang='lat' dir='ltr'><strong>repugnantibus</strong></span> <span class='ocrx_word' id='word_1_122' title='bbox 823 2437 1049 2526; x_wconf 82' lang='lat' dir='ltr'><strong>interfectis,</strong></span> <span class='ocrx_word' id='word_1_123' title='bbox 1065 2437 1196 2534; x_wconf 86' lang='lat' dir='ltr'><strong>reliqui</strong></span> <span class='ocrx_word' id='word_1_124' title='bbox 1216 2439 1396 2512; x_wconf 85' lang='lat' dir='ltr'><strong>concitati</strong></span> <span class='ocrx_word' id='word_1_125' title='bbox 1424 2439 1463 2510; x_wconf 90' lang='lat' dir='ltr'><strong>in</strong></span> 
     </span>
     <span class='ocr_line' id='line_1_19' title="bbox 355 2551 1336 2654; baseline -0.001 -24"><span class='ocrx_word' id='word_1_126' title='bbox 355 2563 499 2645; x_wconf 86' lang='lat' dir='ltr'><strong>castra,</strong></span> <span class='ocrx_word' id='word_1_127' title='bbox 525 2554 621 2627; x_wconf 92' lang='lat' dir='ltr'><strong>unde</strong></span> <span class='ocrx_word' id='word_1_128' title='bbox 650 2554 762 2651; x_wconf 90' lang='lat' dir='ltr'><strong>pridie</strong></span> <span class='ocrx_word' id='word_1_129' title='bbox 788 2551 893 2630; x_wconf 82' lang='lat' dir='ltr'><strong>erant</strong></span> <span class='ocrx_word' id='word_1_130' title='bbox 919 2556 1078 2654; x_wconf 80' lang='lat' dir='ltr'><strong>egressi,</strong></span> <span class='ocrx_word' id='word_1_131' title='bbox 1096 2555 1336 2654; x_wconf 74' lang='lat' dir='ltr'><strong>&#39;confugiunt</strong></span> 
     </span>
    </p>

    <p class='ocr_par' dir='ltr' id='par_1_5' title="bbox 295 2668 1467 3682">
     <span class='ocr_line' id='line_1_20' title="bbox 404 2668 1462 2769; baseline 0 -27"><span class='ocrx_word' id='word_1_132' title='bbox 404 2671 467 2756; x_wconf 77' lang='grc'><strong>84.</strong></span> <span class='ocrx_word' id='word_1_133' title='bbox 490 2671 575 2740; x_wconf 83' lang='grc' dir='ltr'><strong>Νοη</strong></span> <span class='ocrx_word' id='word_1_134' title='bbox 604 2668 1235 2769; x_wconf 86' lang='lat' dir='ltr'><strong>videturessepraetermittendum</strong></span> <span class='ocrx_word' id='word_1_135' title='bbox 1254 2670 1298 2744; x_wconf 92' lang='lat' dir='ltr'><strong>de</strong></span> <span class='ocrx_word' id='word_1_136' title='bbox 1319 2670 1462 2743; x_wconf 86' lang='lat' dir='ltr'><strong>virtute</strong></span> 
     </span>
     <span class='ocr_line' id='line_1_21' title="bbox 353 2781 1464 2883; baseline -0.002 -27"><span class='ocrx_word' id='word_1_137' title='bbox 353 2783 481 2858; x_wconf 86' lang='lat' dir='ltr'><strong>militis</strong></span> <span class='ocrx_word' id='word_1_138' title='bbox 509 2784 673 2856; x_wconf 90' lang='lat' dir='ltr'><strong>veterani</strong></span> <span class='ocrx_word' id='word_1_139' title='bbox 704 2782 854 2878; x_wconf 88' lang='lat' dir='ltr'><strong>quintae</strong></span> <span class='ocrx_word' id='word_1_140' title='bbox 881 2781 1045 2883; x_wconf 81' lang='lat' dir='ltr'><strong>legionis.</strong></span> <span class='ocrx_word' id='word_1_141' title='bbox 1129 2783 1248 2873; x_wconf 86' lang='lat' dir='ltr'><strong>Nam,</strong></span> <span class='ocrx_word' id='word_1_142' title='bbox 1274 2807 1392 2881; x_wconf 92' lang='lat' dir='ltr'><strong>quum</strong></span> <span class='ocrx_word' id='word_1_143' title='bbox 1423 2785 1464 2854; x_wconf 92' lang='lat' dir='ltr'><strong>in</strong></span> 
     </span>
     <span class='ocr_line' id='line_1_22' title="bbox 355 2895 1462 2993; baseline 0.001 -25"><span class='ocrx_word' id='word_1_144' title='bbox 355 2897 503 2968; x_wconf 88' lang='lat' dir='ltr'><strong>sinistro</strong></span> <span class='ocrx_word' id='word_1_145' title='bbox 536 2920 651 2969; x_wconf 92' lang='lat' dir='ltr'><strong>cornu</strong></span> <span class='ocrx_word' id='word_1_146' title='bbox 685 2895 924 2993; x_wconf 85' lang='lat' dir='ltr'><strong>elephantus,</strong></span> <span class='ocrx_word' id='word_1_147' title='bbox 958 2897 1109 2970; x_wconf 90' lang='lat' dir='ltr'><strong>vulnere</strong></span> <span class='ocrx_word' id='word_1_148' title='bbox 1142 2899 1240 2970; x_wconf 89' lang='lat' dir='ltr'><strong>ictus</strong></span> <span class='ocrx_word' id='word_1_149' title='bbox 1265 2903 1304 2970; x_wconf 91' lang='lat' dir='ltr'><strong>et</strong></span> <span class='ocrx_word' id='word_1_150' title='bbox 1329 2895 1462 2969; x_wconf 89' lang='lat' dir='ltr'><strong>dolore</strong></span> 
     </span>
     <span class='ocr_line' id='line_1_23' title="bbox 356 3005 1467 3112; baseline 0.001 -28"><span class='ocrx_word' id='word_1_151' title='bbox 356 3014 588 3096; x_wconf 85' lang='lat' dir='ltr'><strong>concitatus,</strong></span> <span class='ocrx_word' id='word_1_152' title='bbox 612 3013 649 3086; x_wconf 91' lang='lat' dir='ltr'><strong>in</strong></span> <span class='ocrx_word' id='word_1_153' title='bbox 675 3009 788 3090; x_wconf 86' lang='lat' dir='ltr'><strong>lixam</strong></span> <span class='ocrx_word' id='word_1_154' title='bbox 810 3011 987 3086; x_wconf 87' lang='lat' dir='ltr'><strong>inermem</strong></span> <span class='ocrx_word' id='word_1_155' title='bbox 1007 3005 1175 3112; x_wconf 88' lang='lat' dir='ltr'><strong>inpetum</strong></span> <span class='ocrx_word' id='word_1_156' title='bbox 1195 3013 1340 3088; x_wconf 82' lang='lat' dir='ltr'><strong>fecisset</strong></span> <span class='ocrx_word' id='word_1_157' title='bbox 1358 3037 1467 3086; x_wconf 90' lang='lat' dir='ltr'><strong>eum·</strong></span> 
     </span>
     <span class='ocr_line' id='line_1_24' title="bbox 357 3121 1465 3226; baseline 0.001 -28"><span class='ocrx_word' id='word_1_158' title='bbox 357 3149 427 3224; x_wconf 90' lang='lat' dir='ltr'><strong>que</strong></span> <span class='ocrx_word' id='word_1_159' title='bbox 441 3127 509 3198; x_wconf 86' lang='lat' dir='ltr'><strong>sub</strong></span> <span class='ocrx_word' id='word_1_160' title='bbox 526 3125 614 3224; x_wconf 90' lang='lat' dir='ltr'><strong>pede</strong></span> <span class='ocrx_word' id='word_1_161' title='bbox 630 3121 839 3214; x_wconf 85' lang='lat' dir='ltr'><strong>subditum,</strong></span> <span class='ocrx_word' id='word_1_162' title='bbox 858 3124 988 3198; x_wconf 88' lang='lat' dir='ltr'><strong>deinde</strong></span> <span class='ocrx_word' id='word_1_163' title='bbox 1005 3151 1102 3226; x_wconf 83' lang='lat' dir='ltr'><strong>genu</strong></span> <span class='ocrx_word' id='word_1_164' title='bbox 1120 3128 1282 3216; x_wconf 87' lang='lat' dir='ltr'><strong>innixus,</strong></span> <span class='ocrx_word' id='word_1_165' title='bbox 1300 3126 1465 3225; x_wconf 87' lang='lat' dir='ltr'><strong>pondere</strong></span> 
     </span>
     <span class='ocr_line' id='line_1_25' title="bbox 344 3238 1465 3337; baseline -0.002 -21"><span class='ocrx_word' id='word_1_166' title='bbox 344 3263 445 3328; x_wconf 80' lang='lat' dir='ltr'><strong>-suo,</strong></span> <span class='ocrx_word' id='word_1_167' title='bbox 464 3239 678 3337; x_wconf 88' lang='lat' dir='ltr'><strong>proboscide</strong></span> <span class='ocrx_word' id='word_1_168' title='bbox 701 3246 825 3316; x_wconf 84' lang='lat' dir='ltr'><strong>erecta</strong></span> <span class='ocrx_word' id='word_1_169' title='bbox 848 3240 1100 3336; x_wconf 87' lang='lat' dir='ltr'><strong>vibrantique,</strong></span> <span class='ocrx_word' id='word_1_170' title='bbox 1119 3238 1275 3320; x_wconf 85' lang='lat' dir='ltr'><strong>stridore</strong></span> <span class='ocrx_word' id='word_1_171' title='bbox 1295 3241 1465 3314; x_wconf 83' lang='lat' dir='ltr'><strong>maximo</strong></span> 
     </span>
     <span class='ocr_line' id='line_1_26' title="bbox 316 3354 1466 3454; baseline 0.003 -30"><span class='ocrx_word' id='word_1_172' title='bbox 316 3445 323 3454; x_wconf 62' lang='lat'><em>„</em></span> <span class='ocrx_word' id='word_1_173' title='bbox 358 3359 541 3450; x_wconf 82' lang='lat' dir='ltr'><strong>premeret</strong></span> <span class='ocrx_word' id='word_1_174' title='bbox 560 3359 670 3448; x_wconf 85' lang='lat' dir='ltr'><strong>atque</strong></span> <span class='ocrx_word' id='word_1_175' title='bbox 690 3361 877 3443; x_wconf 84' lang='lat' dir='ltr'><strong>enecaret,</strong></span> <span class='ocrx_word' id='word_1_176' title='bbox 897 3355 1003 3430; x_wconf 87' lang='lat' dir='ltr'><strong>miles</strong></span> <span class='ocrx_word' id='word_1_177' title='bbox 1028 3354 1087 3428; x_wconf 88' lang='lat' dir='ltr'><strong>hic</strong></span> <span class='ocrx_word' id='word_1_178' title='bbox 1114 3380 1187 3428; x_wconf 89' lang='lat' dir='ltr'><strong>non</strong></span> <span class='ocrx_word' id='word_1_179' title='bbox 1213 3357 1338 3454; x_wconf 89' lang='lat' dir='ltr'><strong>potuit</strong></span> <span class='ocrx_word' id='word_1_180' title='bbox 1364 3357 1466 3452; x_wconf 87' lang='lat' dir='ltr'><strong>pati,</strong></span> 
     </span>
     <span class='ocr_line' id='line_1_27' title="bbox 359 3469 1465 3572; baseline 0.003 -32"><span class='ocrx_word' id='word_1_181' title='bbox 359 3469 447 3572; x_wconf 87' lang='lat' dir='ltr'><strong>quin</strong></span> <span class='ocrx_word' id='word_1_182' title='bbox 471 3493 509 3540; x_wconf 90' lang='lat' dir='ltr'><strong>se</strong></span> <span class='ocrx_word' id='word_1_183' title='bbox 537 3477 724 3554; x_wconf 83' lang='lat' dir='ltr'><strong>armatum</strong></span> <span class='ocrx_word' id='word_1_184' title='bbox 742 3470 881 3556; x_wconf 83' lang='lat' dir='ltr'><strong>hestiae</strong></span> <span class='ocrx_word' id='word_1_185' title='bbox 900 3471 1073 3552; x_wconf 79' lang='lat' dir='ltr'><strong>obferret,</strong></span> <span class='ocrx_word' id='word_1_186' title='bbox 1116 3475 1235 3565; x_wconf 84' lang='lat' dir='ltr'><strong>Quem</strong></span> <span class='ocrx_word' id='word_1_187' title='bbox 1263 3479 1465 3572; x_wconf 88' lang='lat' dir='ltr'><strong>postquam</strong></span> 
     </span>
     <span class='ocr_line' id='line_1_28' title="bbox 295 3582 1463 3682; baseline 0.004 -27"><span class='ocrx_word' id='word_1_188' title='bbox 295 3665 297 3672; x_wconf 48' lang='grc'>,</span> <span class='ocrx_word' id='word_1_189' title='bbox 359 3582 576 3682; x_wconf 88' lang='lat' dir='ltr'><strong>elephantus</strong></span> <span class='ocrx_word' id='word_1_190' title='bbox 609 3585 718 3656; x_wconf 87' lang='lat' dir='ltr'><strong>adse</strong></span> <span class='ocrx_word' id='word_1_191' title='bbox 745 3584 820 3657; x_wconf 87' lang='lat' dir='ltr'><strong>telo</strong></span> <span class='ocrx_word' id='word_1_192' title='bbox 848 3585 980 3659; x_wconf 82' lang='lat' dir='ltr'><strong>infesto</strong></span> <span class='ocrx_word' id='word_1_193' title='bbox 1014 3591 1138 3660; x_wconf 91' lang='lat' dir='ltr'><strong>venire</strong></span> <span class='ocrx_word' id='word_1_194' title='bbox 1173 3589 1463 3680; x_wconf 79' lang='lat' dir='ltr'><strong>animadvertit,</strong></span> 
     </span>
    </p>
   </div>
   <div class='ocr_carea' id='block_1_3' title="bbox 235 3695 1467 3808">
    <p class='ocr_par' dir='ltr' id='par_1_6' title="bbox 235 3695 1467 3808">
     <span class='ocr_line' id='line_1_29' title="bbox 235 3695 1467 3808; baseline 0.01 -40"><span class='ocrx_word' id='word_1_195' title='bbox 235 3787 240 3797; x_wconf 28' lang='grc' dir='ltr'><strong><em>Ι</em></strong></span> <span class='ocrx_word' id='word_1_196' title='bbox 358 3695 491 3784; x_wconf 85' lang='lat' dir='ltr'><strong>relicto</strong></span> <span class='ocrx_word' id='word_1_197' title='bbox 518 3699 714 3791; x_wconf 81' lang='lat' dir='ltr'><strong>cadavere,</strong></span> <span class='ocrx_word' id='word_1_198' title='bbox 735 3702 896 3789; x_wconf 68' lang='lat' dir='ltr'><strong>‚militem</strong></span> <span class='ocrx_word' id='word_1_199' title='bbox 923 3703 1137 3808; x_wconf 78' lang='lat' dir='ltr'><strong>proboscide</strong></span> <span class='ocrx_word' id='word_1_200' title='bbox 1164 3705 1373 3792; x_wconf 83' lang='lat' dir='ltr'><strong>circumdat</strong></span> <span class='ocrx_word' id='word_1_201' title='bbox 1400 3707 1467 3780; x_wconf 87' lang='lat' dir='ltr'><strong>at-</strong></span> 
     </span>
    </p>
   </div>
   <div class='ocr_carea' id='block_1_4' title="bbox 355 3934 1467 4474">
    <p class='ocr_par' dir='ltr' id='par_1_7' title="bbox 358 3934 1467 4198">
     <span class='ocr_line' id='line_1_30' title="bbox 358 3934 1467 4058; baseline 0.013 -72"><span class='ocrx_word' id='word_1_202' title='bbox 358 3940 463 4056; x_wconf 58' lang='lat' dir='ltr'><strong>dplipno</strong></span> <span class='ocrx_word' id='word_1_203' title='bbox 479 3934 557 4056; x_wconf 51' lang='lat' dir='ltr'><strong>zelle</strong></span> <span class='ocrx_word' id='word_1_204' title='bbox 574 3937 654 4058; x_wconf 45' lang='lat' dir='ltr'><strong>ql&#39;prlo.¹</strong></span> <span class='ocrx_word' id='word_1_205' title='bbox 670 3939 804 3994; x_wconf 80' lang='lat' dir='ltr'><strong>Tesserem</strong></span> <span class='ocrx_word' id='word_1_206' title='bbox 821 3944 876 4000; x_wconf 83' lang='lat' dir='ltr'><strong>suis</strong></span> <span class='ocrx_word' id='word_1_207' title='bbox 940 3945 1194 4026; x_wconf 32' lang='lat' dir='ltr'><strong>praesidio-trahunt</strong></span> <span class='ocrx_word' id='word_1_208' title='bbox 1210 3945 1243 3998; x_wconf 86' lang='lat' dir='ltr'><strong>ad</strong></span> <span class='ocrx_word' id='word_1_209' title='bbox 1260 3958 1348 4009; x_wconf 75' lang='lat' dir='ltr'><strong>¹errant,</strong></span> <span class='ocrx_word' id='word_1_210' title='bbox 1364 3956 1396 4000; x_wconf 89' lang='lat' dir='ltr'><strong>ut</strong></span> <span class='ocrx_word' id='word_1_211' title='bbox 1412 3949 1467 4000; x_wconf 71' lang='lat' dir='ltr'><strong>ele·</strong></span> 
     </span>
     <span class='ocr_line' id='line_1_31' title="bbox 375 4009 1465 4196; baseline 0.016 -77"><span class='ocrx_word' id='word_1_212' title='bbox 375 4013 705 4190; x_wconf 30' lang='lat' dir='ltr'><strong>&amp;inlidat-,iridi</strong></span> <span class='ocrx_word' id='word_1_213' title='bbox 718 4009 890 4196; x_wconf 45' lang='lat' dir='ltr'><strong>iiiiii}</strong></span> <span class='ocrx_word' id='word_1_214' title='bbox 912 4083 914 4090; x_wconf 50' lang='lat'><strong><em>¹</em></strong></span> <span class='ocrx_word' id='word_1_215' title='bbox 939 4013 1226 4150; x_wconf 53' lang='lat' dir='ltr'><strong>flttttatlrdttf·</strong></span> <span class='ocrx_word' id='word_1_216' title='bbox 1251 4080 1336 4150; x_wconf 29' lang='lat' dir='ltr'><strong>,conr</strong></span> <span class='ocrx_word' id='word_1_217' title='bbox 1353 4089 1410 4133; x_wconf 68' lang='lat' dir='ltr'><strong>„a</strong></span> <span class='ocrx_word' id='word_1_218' title='bbox 1430 4083 1465 4136; x_wconf 58' lang='lat' dir='ltr'><strong>aa</strong></span> 
     </span>
     <span class='ocr_line' id='line_1_32' title="bbox 359 4154 1092 4198; baseline 0.014 -11"><span class='ocrx_word' id='word_1_219' title='bbox 359 4154 406 4187; x_wconf 82' lang='lat' dir='ltr'><strong>cc</strong></span> <span class='ocrx_word' id='word_1_220' title='bbox 445 4156 484 4190; x_wconf 66' lang='lat' dir='ltr'><strong>se</strong></span> <span class='ocrx_word' id='word_1_221' title='bbox 510 4177 516 4190; x_wconf 93' lang='lat'><strong><em>.</em></strong></span> <span class='ocrx_word' id='word_1_222' title='bbox 539 4159 554 4188; x_wconf 87' lang='lat' dir='ltr'><strong>u</strong></span> <span class='ocrx_word' id='word_1_223' title='bbox 590 4157 792 4194; x_wconf 79' lang='lat' dir='ltr'><strong>arumsarrorum</strong></span> <span class='ocrx_word' id='word_1_224' title='bbox 866 4173 875 4182; x_wconf 95' lang='lat'>·</span> <span class='ocrx_word' id='word_1_225' title='bbox 956 4163 1005 4198; x_wconf 55' lang='grc' dir='ltr'><strong>ια.</strong></span> <span class='ocrx_word' id='word_1_226' title='bbox 1090 4159 1092 4166; x_wconf 93' lang='grc'><em>·</em></span> 
     </span>
    </p>

    <p class='ocr_par' dir='ltr' id='par_1_8' title="bbox 355 4141 1465 4474">
     <span class='ocr_line' id='line_1_33' title="bbox 358 4141 1465 4334; baseline 0.014 -15"><span class='ocrx_word' id='word_1_227' title='bbox 358 4141 549 4322; x_wconf 61' lang='lat' dir='ltr'><strong>urani</strong></span> <span class='ocrx_word' id='word_1_228' title='bbox 568 4271 622 4324; x_wconf 74' lang='lat' dir='ltr'><strong>n</strong></span> <span class='ocrx_word' id='word_1_229' title='bbox 654 4280 758 4326; x_wconf 60' lang='lat' dir='ltr'><strong>a,</strong></span> <span class='ocrx_word' id='word_1_230' title='bbox 795 4162 812 4212; x_wconf 50' lang='grc' dir='ltr'><em>Ρ</em></span> <span class='ocrx_word' id='word_1_231' title='bbox 940 4165 1125 4332; x_wconf 50' lang='lat' dir='ltr'><strong>‘ueste</strong></span> <span class='ocrx_word' id='word_1_232' title='bbox 1143 4213 1465 4334; x_wconf 41' lang='lat' dir='ltr'><strong>aequus-nmmu-</strong></span> 
     </span>
     <span class='ocr_line' id='line_1_34' title="bbox 355 4289 1460 4406; baseline 0.014 -21"><span class='ocrx_word' id='word_1_233' title='bbox 355 4353 358 4360; x_wconf 85' lang='grc'><strong>’</strong></span> <span class='ocrx_word' id='word_1_234' title='bbox 391 4337 445 4386; x_wconf 77' lang='lat' dir='ltr'><strong>curn</strong></span> <span class='ocrx_word' id='word_1_235' title='bbox 456 4309 596 4406; x_wconf 75' lang='lat' dir='ltr'><strong>elephirntis</strong></span> <span class='ocrx_word' id='word_1_236' title='bbox 607 4292 656 4394; x_wconf 58' lang='lat' dir='ltr'><strong>eri&#39;.</strong></span> <span class='ocrx_word' id='word_1_237' title='bbox 680 4294 873 4397; x_wconf 59' lang='lat' dir='ltr'><strong>Sidrcdildnett·</strong></span> <span class='ocrx_word' id='word_1_238' title='bbox 940 4289 1460 4404; x_wconf 54' lang='lat' dir='ltr'><strong>qcinrirrurrihritdille‹r&#39;rrrirrrudnnirrirrdc</strong></span> 
     </span>
     <span class='ocr_line' id='line_1_35' title="bbox 359 4367 1367 4474; baseline 0.02 -23"><span class='ocrx_word' id='word_1_239' title='bbox 359 4398 391 4452; x_wconf 87' lang='lat' dir='ltr'><strong>ln</strong></span> <span class='ocrx_word' id='word_1_240' title='bbox 413 4401 472 4455; x_wconf 80' lang='lat' dir='ltr'><strong>aliis</strong></span> <span class='ocrx_word' id='word_1_241' title='bbox 492 4421 546 4460; x_wconf 75' lang='lat' dir='ltr'><strong>urm</strong></span> <span class='ocrx_word' id='word_1_242' title='bbox 570 4405 660 4474; x_wconf 81' lang='lat' dir='ltr'><strong>deest3</strong></span> <span class='ocrx_word' id='word_1_243' title='bbox 677 4409 745 4462; x_wconf 85' lang='lat' dir='ltr'><strong>unde</strong></span> <span class='ocrx_word' id='word_1_244' title='bbox 763 4408 874 4470; x_wconf 83' lang='lat' dir='ltr'><strong>editores</strong></span> <span class='ocrx_word' id='word_1_245' title='bbox 941 4421 987 4469; x_wconf 83' lang='lat' dir='ltr'><strong>est.</strong></span> <span class='ocrx_word' id='word_1_246' title='bbox 1349 4367 1367 4419; x_wconf 74' lang='lat' dir='ltr'>p</span> 
     </span>
    </p>
   </div>
   <div class='ocr_carea' id='block_1_5' title="bbox 0 0 1533 5318">
    <p class='ocr_par' dir='ltr' id='par_1_9' title="bbox 0 0 1533 5318">
     <span class='ocr_line' id='line_1_36' title="bbox 0 0 1533 5318; baseline 0 0"><span class='ocrx_word' id='word_1_247' title='bbox 0 0 1533 5318; x_wconf 95' lang='lat' dir='ltr'><strong> </strong></span> 
     </span>
    </p>
   </div>
  </div>
 </body>
</html>
