3024 5326
350 461 441 557 318

375 695 414 746 13.
441 696 534 748 balista
557 700 682 760 mittitur,
705 699 785 752 telum
811 719 863 770 ope

372 763 483 815 balistae
500 765 624 816 mittitur.
651 766 679 817 G.
698 765 733 825 3,
758 771 797 817 tt.
835 787 862 820 er

372 829 449 882 codd.
462 831 588 902 incertum
606 841 659 894 e'st,
678 841 766 884 utrum
783 787 861 885 zedim

372 909 500 947 tormento
516 900 650 967 attigerant
665 918 699 951 an
710 897 788 950 telum
805 914 860 950 tor·-

371 977 511 1014 mentumue
538 967 621 1025 dant,
649 965 787 1034 legendum
815 969 857 1018 sit.

371 1030 424 1082 Sed
437 1046 466 1095 7,
478 1048 520 1108 ¹zu
528 1041 555 1083 et
571 1031 601 1082 C.
620 1031 650 1093 3,
667 1050 690 1099 9.
704 1044 768 1084 suut
784 1035 859 1086 iones

370 1106 484 1148 contorti

340 1163 422 1214 Totae
445 1168 530 1230 copiae
560 1164 588 1216 C.
620 1164 650 1215 3.
680 1173 720 1229 42.
745 1165 788 1217 Al.
817 1170 858 1230 76.

371 1243 427 1281 tota
450 1231 539 1282 Gauii
562 1235 591 1296 5,
618 1236 657 1283 55.
678 1237 810 1296 provincia
828 1249 858 1297 7,

374 1314 395 1348 t.
413 1298 493 1362 ltaliu
517 1297 547 1350 C.
565 1297 597 1363 3,
622 1319 642 1350 r.
660 1299 760 1349 auxilia
784 1300 858 1367 Regis

370 1364 401 1416 C.
431 1381 465 1424 2,
496 1367 535 1414 26.
556 1375 620 1414 'toto
644 1383 722 1416 ,muro
752 1381 786 1430 7,
817 1374 856 1429 24.

339 1447 576 1567 Tppgepleapppus
603 1499 731 1556 intulit,
762 1502 802 1550 26.
826 1502 859 1558 ⁵,

372 1569 411 1617 85.
431 1569 469 1629 48.
489 1517 519 1617 (i.
540 1583 571 1628 1,
593 1573 632 1630 57.
650 1565 737 1636 Lipsii
754 1566 857 1619 Polior-

371 1642 419 1684 θεῖ’
439 1643 473 1696 4,
495 1643 510 1698 3

339 1700 487 1758 Traiectus,
516 1697 604 1764 locus,
632 1699 700 1752 unde
729 1701 863 1754 traiicitur

372 1785 440 1817 rnare
458 1767 490 1817 Α.
511 1770 540 1818 56

339 1833 527 1883 tramam-rere
543 1833 575 1884 de
592 1831 701 1885 nuvihus
719 1833 750 1884 C.
772 1850 804 1897 1,
825 1837 856 1885 58

335 1899 365 1950 Τ
363 1897 493 1967 eansflert'e
516 1917 542 1950 ee
565 1899 600 1950 ad
621 1901 701 1950 atium
718 1905 854 1961 vestitum,

373 1975 472 2015 mutare
490 1973 573 2017 vestes
590 1965 634 2016 As.
655 1970 693 2031 57.

337 2032 365 2084 T
362 2035 497 2082 ''anrdeere
518 2033 612 2083 milites
624 2035 741 2100 fluento,
769 2039 856 2085 trans-

368 2097 462 2218 ducet}
470 2133 479 2164 ,
498 2097 584 2151 iubere
602 2101 713 2152 transire
730 2098 794 2165 (1.1,
814 2104 855 2165 54.

372 2169 411 2216 55.
430 2168 444 2216 8

336 2232 524 2349 Danerpiseue,
555 2233 691 2294 traiectus,
719 2231 801 2286 subet.
821 2237 854 2294 5,

370 2315 393 2349 2.
416 2316 424 2348 1

335 2365 527 2431 Transportare
539 2371 675 2417 exereitum
687 2367 768 2418 littere.
787 2376 810 2432 4,
826 2371 854 2418 ι6

335 2431 672 2498 ΤΝηι·εοεηᾶοι·ε,υαὶἱυηι,
690 2433 773 2484 multe
791 2453 852 2486 cnm

367 2498 485 2551 molestia
502 2500 539 2550 ire
557 2517 603 2568 per
620 2499 715 2551 vallem
733 2500 762 2551 C.
780 2504 854 2562 ι,68

338 2566 481 2626 Transtra,
499 2565 585 2617 trabes
602 2566 729 2628 confixae,
747 2570 774 2618 in
793 2569 854 2638 qui-

367 2632 416 2684 bus
434 2634 541 2706 remiges
558 2633 651 2684 sedent
667 2633 695 2694 3,
717 2634 754 2685 ι3.

239 2693 240 2698 ’
336 2699 563 2758 Tranruemarium
586 2705 696 2770 tignum,
725 2711 854 2755 transver-

368 2785 427 2817 sum
445 2767 474 2818 C.
496 2761 532 2830 ἑ,
553 2769 582 2816 18

335 2832 460 2884 Tribunus
477 2833 590 2884 cohortis
607 2833 637 2886 C.
656 2853 693 2901 2,
711 2852 743 2886 20

332 2900 451 2950 Teutria
469 2899 499 2950 C.
517 2901 545 2959 3,
565 2903 595 2967 96

333 2967 432 3017 Trieris
444 2969 532 3027 navit,
551 2973 662 3036 veniere,
679 2969 793 3021 triremis
807 2970 851 3022 At.

332 3101 359 3150 T
357 3104 421 3160 riui,
439 3109 494 3152 tree'
512 3118 534 3162 r,
553 3099 584 3151 53

333 3167 485 3232 Triquetrue
504 3174 533 3235 t,
554 3165 584 3218 13
603 3170 607 3174 ’

333 3233 501 3286 Tristimonia
518 3236 563 3286 As.
584 3253 614 3286 ro
648 3261 650 3266 ·

332 3301 493 3356 Tumultuari
510 3317 577 3372 poss.
597 3319 628 3368 7,
646 3305 675 3352 61

330 3367 504 3420 Tumultuarii
531 3369 639 3431 milites,
666 3371 766 3440 raptim
795 3370 851 3424 col-

363 3434 427 3488 lecti
442 3437 474 3487 A.
493 3435 525 3499 34

328 3500 422 3552 Turris
439 3503 516 3553 villae
533 3503 576 3554 At.
596 3511 635 3566 4ο.
659 3517 743 3554 turres
768 3505 795 3554 in
821 3523 846 3554 re

360 3569 483 3630 militari,
501 3588 562 3640 quas
574 3569 712 3638 descripsit
724 3570 846 3636 Vegetius

362 3646 397 3700 4,
416 3651 439 3699 7.
458 3645 580 3688 constant
601 3637 742 3700 trabibus3
771 3636 846 3705 plura

359 3701 460 3754 hebent
477 3701 608 3765 tabulate,
630 3712 660 3755 ut
684 3712 794 3773 quatuor
811 3707 847 3762 6,

361 3786 400 3834 29.
427 3770 455 3820 in
481 3769 577 3838 quibus
602 3778 781 3838 oppugnantes
810 3769 847 3820 sic

333 3879 335 3883 .
359 3834 544 3900 divisium,
562 3845 593 3887 ut
610 3839 638 3889 iu
655 3845 758 3887 summo
776 3841 847 3895 sint,

358 3904 403 3970 qni
415 3901 467 3953 tela
479 3904 605 3966 mittunt,
619 3905 645 3954 in
659 3902 844 3960 inferioribus,

358 3970 403 4038 qui
420 3988 527 4020 murum
544 3971 682 4039 quatiunt,
702 3978 728 4020 et
748 3977 847 4038 ponte,

358 4040 405 4104 qui
427 4045 467 4086 est
488 4037 516 4086 in
541 4037 627 4097 turri,
653 4043 789 4087 transeunt
814 4037 843 4086 in

357 4121 458 4168 mnros3
470 4102 612 4155 eitissimue
624 4101 758 4154 interdurn
770 4110 841 4162 sunt,

357 4177 389 4219 nt
418 4187 504 4222 muros
532 4177 676 4239 superent3
705 4168 844 4240 quadratae

357 4235 461 4302 potius,
479 4254 560 4314 quem
577 4236 701 4288 rotundae
715 4249 723 4300 3
743 4235 843 4312 consti:

357 4311 467 4353 luuntur
484 4321 513 4354 ru
530 4321 630 4370 aggere,
648 4311 676 4352 ut
695 4319 844 4371 promoveri

356 4369 475 4434 possint,
496 4377 522 4420 et
544 4369 648 4420 altiores
669 4369 724 4420 sint
747 4387 777 4425 2,
801 4368 843 4417 30.

355 4440 435 4486 turris
464 4437 645 4496 ambulatoria,
683 4453 748 4504 (puae
777 4434 841 4484 rotis

354 4501 476 4554 subiectis
498 4501 586 4554 eloco
604 4503 632 4554 in
651 4500 734 4554 iocum
756 4509 840 4554 traus-

829 503 963 566 tuottx

963 704 1045 756 fertur
1060 723 1082 756 s.
1094 716 1258 774 promovetur
1273 710 1304 762 A.
1323 725 1363 762 eo.
1381 707 1452 763 Exi·

961 789 1023 839 guas
1046 772 1147 834 fuisse,
1172 795 1238 846 qnae
1263 782 1297 842 5,
1319 787 1453 842 incom-

960 849 1152 899 memorantur,
1175 861 1188 894 e
1205 843 1334 896 celeritate
1355 844 1454 896 nedist-

961 905 1038 956 orndi
1055 906 1163 976 adparet

929 968 1049 1022 Dirritue
1066 972 1213 1040 elephantus
1230 976 1273 1027 Af.
1291 977 1323 1029 3ο

929 1032 1021 1088 Tutari
1037 1041 1168 1104 inopiam,
1185 1041 1219 1094 ab
1235 1061 1262 1094 ea
1281 1051 1351 1095 tutos
1369 1063 1451 1114 prec-

959 1112 1025 1154 stare
1043 1104 1161 1159 homines
1178 1107 1207 1160 C.
1230 1127 1255 1167 1,
1275 1115 1313 1160 ⁵2.
1338 1111 1384 1162 Sic
1400 1113 1449 1160 de·

951 1171 1061 1242 findere
1077 1173 1144 1233 teia,
1162 1188 1259 1226 aestum
1277 1175 1448 1247 (abaliquo)

1165 1371 1197 1424 γ’
1388 1437 1393 1449 .

1363 1454 1393 1515 e

925 1501 956 1554 V
951 1519 1042 1568 acere,
1053 1505 1112 1570 agri
1122 1513 1210 1552 vacant
1223 1501 1315 1556 ineolis
1327 1510 1354 1554 et
1365 1503 1444 1554 cultu'
1495 1531 1496 1578 ;

958 1575 1022 1632 43

957 1711 1032 1770 potus
1049 1702 1082 1752 A.
1100 1719 1115 1752 2

924 1608 1037 1698 Vertitur,
1067 1633 1141 1686 nulio
1158 1629 1227 1686 certo
1244 1635 1348 1702 negotio
1365 1655 1447 1689 occu·
1495 1633 1496 1652 ³

924 1768 1126 1833 Vadimonium,
1148 1779 1252 1828 ,tenetur
1277 1769 1425 1820 vadimonio
1439 1808 1449 1828 ‚
1495 1815 1496 1832 ,

957 1837 1017 1902 qui,
1044 1833 1113 1885 datis
1135 1831 1316 1894 vadibus,'in
1342 1835 1449 1888 iudicio
1495 1843 1496 1888 ἶ

956 1919 1102 1970 wmparere
1120 1898 1261 1952 obstrictus
1277 1909 1316 1952 est
1333 1903 1367 1952 A.
1387 1914 1421 1970 49
1495 1899 1496 1960 i

923 1966 1043 2026 Vadum,
1066 1966 1137 2019 iocus
1159 1965 1247 2025 fluvii,
1270 1965 1316 2017 ubi
1335 1970 1446 2020 transiri
1495 1991 1496 2004 ι

956 2033 1044 2102 potest
1064 2050 1093 2097 1,
1117 2036 1141 2082 6.
1160 2033 1193 2084 es.
1210 2051 1232 2084 e.
1252 2035 1274 2084 8.
1292 2033 1365 2095 ioco,
1388 2054 1447 2086 non

955 2099 1015 2152 eltis
1036 2097 1211 2168 aquis-offusa
1234 2098 1270 2163 3,
1297 2115 1334 2150 12.
1363 2101 1446 2152 Unde

955 2168 1076 2218 vadosum
1092 2183 1185 2230 mare,
1210 2183 1263 2216 non
1281 2167 1448 2236 profundum

922 2234 1123 2362 Veiiieifiiz,
1147 2307 1186 2362 47.
1211 2317 1235 2349 v.
1258 2298 1387 2351 Oudend..
1411 2300 1447 2352 ad

954 2365 981 2416 h.
1000 2364 1017 2416 L
1035 2366 1067 2418 de
1084 2365 1130 2416 hec
1148 2366 1230 2416 forma
1248 2366 1409 2418 nominativi

922 2431 1032 2496 Vattus,
1056 2431 1129 2502 palus
1152 2450 1180 2495 7,
1203 2432 1243 2495 73.
1263 2431 1298 2482 cs.
1320 2435 1445 2484 scindere.

955 2498 1007 2551 Sed
1030 2499 1059 2550 C.
1083 2497 1118 2564 3,
1139 2500 1181 2552 53.
1199 2507 1226 2549 et
1245 2499 1277 2550 Α.
1295 2513 1318 2548 2.
1337 2500 1443 2561 vadus,

954 2575 994 2617 est
1011 2583 1057 2634 pro
1075 2573 1179 2645 neutro,
1196 2563 1305 2645 pallum,
1325 2567 1443 2634 positum

921 2631 1443 2765 Vtttitti'dtt‘ittftssttft?

953 2777 1054 2816 vastant
1071 2765 1207 2815 cultoribus
1224 2781 1302 2832 agros
1382 2811 1385 2817 .

920 2821 1071 2900 Vectigalis,
1096 2833 1142 2902 qui
1158 2830 1265 2899 vectigal
1281 2830 1382 2885 solvere
1401 2843 1441 2894 te·
1495 2845 1496 2896 ἶ

953 2909 1028 2949 netur
1044 2897 1081 2966 3,
1099 2905 1115 2950 8

919 2965 1018 3022 Vectis,
1036 2974 1143 3022 contus,
1162 2963 1322 3017 adlevanda
1339 2973 1367 3016 et
1382 2984 1442 3035 pro·

952 3031 1079 3083 movendo
1103 3049 1181 3082 onera
1204 3029 1233 3083 C.
1261 3049 1292 3092 2,
1320 3049 1356 3082 tt.
1383 3037 1441 3096 (ein
1495 3061 1496 3104 ]

951 3098 1166 3163 Hebebaum,.uu
1183 3097 1278 3160 iuter)

919 3165 1041 3218 Vectoriu
1059 3169 1146 3225 navis,
1171 3163 1295 3216 oneribus
1312 3162 1440 3216 vehendis

932 3231 1079 3282 destinato
1099 3235 1129 3290 5,
1155 3234 1178 3282 8.
1197 3231 1231 3283 cf.
1249 3230 1321 3282 Svet.
1339 3229 1389 3280 lul.
1401 3231 1442 3282 ’63

919 3299 950 3350 V
946 3311 1058 3356 uetur-ae,
1076 3292 1183 3350 Futr'en
1200 3297 1230 3347 C.
1249 3295 1281 3362 3,
1299 3296 1340 3346 32.
1360 3307 1393 3360 42

919 3359 997 3417 7431Ιῖ.»-
1011 3366 1121 3433 aliquem
1138 3364 1252 3432 aliquid,
1280 3363 1313 3416 nb
1330 3381 1361 3414 eo
1381 3382 1439 3432 pos·
1495 3343 1496 3348 i

951 3432 1034 3483 tulare
1056 3453 1080 3492 r,
1099 3429 1131 3494 34

918 3499 1014 3550 Venire
1040 3503 1066 3548 iu
1090 3515 1176 3566 spem,
1201 3496 1336 3564 concipere
1360 3513 1437 3564 spem
1495 3547 1496 3562 ,

950 3565 980 3624 3,
999 3570 1022 3622 6.
1040 3569 1125 3615 uenire
1141 3569 1168 3614 in
1184 3567 1320 3612 cruciatum
1341 3579 1368 3621 r,
1389 3562 1419 3611 31

917 3631 1010 3684 Vereri
1037 3632 1112 3682 alicui
1124 3665 1134 3696 ‚
1162 3627 1302 3681 sollicitum
1324 3646 1380 3679 esse
1405 3629 1440 3680 de
1495 3637 1496 3642 ’

949 3698 1058 3770 aliquo,
1083 3717 1116 3751 ne
1140 3695 1269 3748 damnum
1294 3696 1386 3764 cupiat
1409 3703 1437 3759 5,

942 3783 1087 3902 irgobreuu
1107 3849 1137 3892 1,
1157 3831 1185 3878 16

915 3899 1061 3953 Vernacula
1083 3899 1163 3967 legio,
1184 3913 1251 3962 quae
1272 3901 1377 3946 constat
1399 3895 1439 3946 iu·

948 3965 1049 4034 digenis
1066 3967 1100 4016 A.
1119 3963 1157 4014 53.
1177 3970 1217 4025 54.
1236 3961 1269 4011 Η.
1287 3976 1321 4010 20

914 4033 1044 4098 Vertere,
1060 4031 1173 4102 stertente
1197 4025 1241 4096 eo'e
1264 4031 1302 4077 eie
1326 4033 1439 4079 versavit

947 4105 974 4150 in
995 4097 1148 4162 eertuniue,
1173 4093 1279 4154 effecit,
1305 4102 1334 4143 ut
1358 4095 1440 4145 modo

946 4165 995 4216 hoc
1007 4203 1015 4226 ,
1041 4165 1119 4218 modo
1144 4161 1210 4213 illud
1228 4154 1264 4212 ”ris
1290 4160 1438 4222 accideret,

946 4243 976 4283 ut
995 4251 1040 4311 per
1057 4233 1125 4284 vices
1142 4227 1241 4282 auxilio
1260 4236 1386 4293 egerent,
1411 4237 1438 4279 et

947 4299 1073 4349 urrxriium
1092 4298 1188 4348 ferrent
1207 4302 1233 4353 5,
1256 4301 1287 4358 44

914 4365 1026 4429 Versus,
1043 4363 1173 4434 oppidum
1184 4377 1274 4412 versus
1288 4368 1376 4428 petere
1390 4361 1435 4410 At.
1495 4415 1496 4420 ,

908 4475 912 4485 .
946 4437 970 4496 7.
993 4433 1027 4480 nd
1048 4431 1157 4482 insulam
1181 4445 1269 4476 nereus
1292 4425 1337 4477 At.
1359 4431 1382 4500 8
1404 4427 1437 4480 ud

913 4499 917 4514 ¹
947 4499 1074 4550 Oceanum
1092 4515 1178 4550 vernus
1197 4499 1230 4561 6,
1251 4493 1283 4546 32
