3030 5318
271 389 301 452 x
335 351 398 450 86
522 383 561 448 s.
594 383 737 448 urnru
768 383 824 446 on
858 383 993 445 annuo
1026 353 1255 450 nrnrcnuo.
1290 455 1293 460 ,

387 587 446 660 13.
470 585 604 662 Hostes
628 585 797 675 iuterim,
812 607 985 683 'quorum
1022 587 1109 660 Dux
1144 571 1226 658 erat
1257 579 1451 689 Labienus

332 711 372 778 et
387 705 460 778 duo
482 705 645 794 Pacidii,
668 706 789 778 aciem
814 703 980 804 dirigunt
1001 701 1161 776 mirabili
1188 700 1449 802 longitudine,

327 843 408 890 non
436 818 623 917 peditum,
649 819 711 895 sed
729 820 923 916 equitum,
950 818 1179 904 confertam
1204 822 1245 890 et
1261 819 1360 890 inter
1384 835 1450 889 eos

328 929 427 1004 levis
445 939 656 1006 armaturae
681 933 862 1008 Numidas
880 939 920 1006 et
937 933 1150 1031 sagittarios
1169 929 1311 1030 pedites
1330 931 1449 1004 inter·

308 1054 536 1144 posuerant
561 1053 600 1121 et
625 1050 680 1122 ita
710 1048 1052 1148 condensaverant,
1080 1052 1123 1120 ut
1154 1041 1286 1144 procul
1316 1043 1451 1118 Caesa-

334 1163 428 1236 riani
454 1162 641 1262 pedestres
656 1166 792 1263 ¹copias
819 1163 1111 1248 arbitrarentur3
1137 1169 1176 1234 et
1200 1158 1375 1236 dextrum
1402 1185 1450 1233 ac

335 1276 527 1366 sinistrum
555 1301 673 1352 cornu
698 1278 842 1380 magnis
868 1278 1036 1374 equitum
1065 1275 1181 1372 copiis
1199 1271 1450 1346 firmaverant.

335 1391 490 1464 interim
516 1391 650 1466 Caesar
668 1395 786 1468 aciem
812 1391 938 1491 dirigit
957 1390 1183 1490 simplicem,
1203 1395 1264 1474 ,ut
1281 1395 1451 1486 poterat,

335 1513 491 1607 propter
508 1511 753 1610 paucitatem:
772 1509 984 1608 sagittarios
999 1515 1086 1580 ante
1100 1509 1219 1580 aciem
1238 1508 1449 1580 constituit:

336 1626 628 1721 equitesdextro
646 1625 869 1722 sinistroque
887 1647 1005 1698 cornu
1023 1623 1196 1723 obponit,
1220 1629 1259 1696 et
1275 1621 1329 1697 ita
1346 1649 1452 1723 prae·

324 1737 449 1835 cipit,
477 1744 520 1812 ut
547 1737 808 1838 providerent,
834 1761 881 1812 ne
898 1737 1137 1812 multitudine
1164 1739 1354 1836 equitatus
1379 1738 1452 1812 bo·

338 1855 451 1926 stium
478 1856 862 1942 circ.umvcuirentur;
889 1852 1127 1938 existimabat
1152 1856 1273 1944 enim,
1298 1879 1336 1929 se
1362 1879 1451 1930 cum

335 1969 568 2071 pedestribus
585 1973 701 2069 copiis
718 1971 796 2043 acie
813 1971 996 2044 instructa
1014 1970 1296 2046 dimicaturum.

321 2147 324 2154 ,
392 2089 449 2170 14.
476 2087 602 2176 Quum
624 2085 812 2182 utrimque
833 2085 1063 2185 exspectatio
1081 2084 1209 2168 fieret,
1226 2107 1346 2184 neque
1359 2085 1452 2160 Cae·

323 2223 398 2272 sar
423 2224 461 2272 se
486 2207 720 2290 removeret,
747 2207 893 2274 etcum
919 2223 1072 2274 suorum
1099 2202 1289 2300 paucitate
1316 2207 1451 2276 contra

336 2339 512 2416 magnam
532 2317 610 2390 vim
630 2317 794 2390 bostium
815 2314 973 2388 artificio
991 2317 1129 2418 magis,
1155 2339 1270 2414 quam
1288 2318 1451 2406 viribus,

339 2433 613 2509 deremendum
631 2434 793 2520 videret;
808 2432 933 2506 subito
948 2431 1245 2508 adversariorum
1262 2423 1450 2533 equitatus

337 2575 415 2626 sese
434 2551 630 2629 extendere
652 2556 690 2630 et
710 2551 749 2624 in
765 2547 1002 2624 latitudinem
1026 2573 1248 2649 promovere
1265 2551 1450 2654 collesque

276 2701 277 2708 ¹
337 2668 535 2768 complecti
560 2673 600 2740 et
624 2667 791 2740 Caesaris
817 2667 1027 2764 equitatum
1045 2672 1248 2741 extenuare
1266 2670 1450 2770 simulque

337 2781 385 2854 ad
411 2781 720 2856 circumeundum
747 2803 965 2878 comparare
986 2803 1024 2854 sc
1046 2787 1270 2881 coeperunt.
1295 2806 1296 2810 ’
1319 2783 1452 2859 Caesa-

336 2899 430 2970 riani
450 2899 592 2994 equites
618 2921 749 2970 eorum
766 2895 1044 2999 multitudinem
1071 2895 1181 2997 aegre
1208 2899 1451 2976 sustinebant.

324 3012 447 3086 ,Acies
472 3011 621 3083 interim
641 3009 782 3094 mediae
809 3033 925 3108 quum
952 3035 1177 3086 concurrere
1207 3023 1451 3107 conarentur,

338 3124 465 3196 subito
482 3148 529 3197 ex
547 3123 740 3219 condensis
766 3126 901 3198 turmis
920 3124 1060 3222 pedites
1086 3125 1269 3200 Numidae
1285 3126 1376 3202 levis
1394 3155 1453 3204 ar-

338 3247 509 3316 maturae
536 3265 624 3333 cum
650 3241 836 3338 equitibus
867 3249 1095 3339 procurrunt
1112 3249 1150 3316 et
1168 3245 1265 3318 inter
1289 3245 1453 3347 legiona-

337 3359 413 3432 rios
433 3357 568 3431 milites
585 3355 941 3448 iaculaconiiciuut.
984 3356 1077 3447 Hic,
1094 3381 1222 3458 quum
1239 3359 1452 3438 Caesariani

365 3517 483 3586 ‘Paotdit
500 3530 557 3584 Alii
573 3529 685 3584 Pacidei.

340 3623 863 3760 „ferritrtirimtuesr

300 3769 302 3771 ’
339 3760 440 3814 schard
463 3760 494 3810 Τ.
518 3769 542 3823 4.
565 3775 672 3828 o·.¹9¹·
700 3759 743 3810 rel
760 3758 818 3810 vot
835 3779 861 3812 2.

222 3891 224 3898 Ι
339 3824 697 3904 p.198.ctA1;B.c.37.
716 3825 759 3877 M.

926 3551 954 3588 se
983 3534 1122 3588 extendere
1146 3536 1176 3587 io
1199 3533 1388 3597 latitudinem,
1416 3555 1452 3596 ne

927 3611 980 3655 stet
995 3602 1111 3674 amplius
1128 3601 1233 3656 densus·
1251 3605 1294 3656 M.

959 3703 994 3736 ex
1016 3686 1147 3736 condensis
1171 3689 1271 3736 turmis.
1300 3686 1452 3744 Guiscbard

926 3749 954 3803 b.
971 3751 991 3803 l.
1014 3751 1141 3820 intelligit
1163 3761 1247 3810 totam
1269 3755 1351 3806 aciem
1392 3756 1452 3807 edi·

925 3825 985 3870 tum
1003 3823 1183 3902 equitumque.
1201 3820 1321 3875 Menon.
1340 3773 1398 3875 mil.
1417 3823 1450 3875 Τ.

372 3929 399 3961 se
415 3920 564 3960 removeret.
589 3908 633 3962 Sic
646 3927 659 3960 e
671 3907 748 3961 codd.
761 3917 788 3960 et
798 3907 858 3980 edd.

338 3983 402 4027 dett.
415 3975 567 4031 emendavit
577 3975 700 4048 Scaliger.
714 3975 796 4048 Vulgo
807 3995 862 4034 mo·

339 4057 416 4096 erret.

367 4113 447 4176 'eolles
463 4123 609 4192 complecti,
634 4125 672 4177 ila
690 4123 797 4178 circuire
805 4162 814 4185 ,
830 4131 862 4180 ut

338 4199 426 4242 essent
450 4191 528 4250 simul
552 4189 631 4244 colles
656 4193 684 4244 in
705 4210 737 4248 ,eo
759 4194 860 4262 spatio,

340 4255 410 4324 qood
427 4255 472 4309 ille
488 4267 609 4326 extensus
628 4261 763 4329 equitatus
779 4277 861 4325 occu-

361 4323 429 4374 abac.
447 4323 489 4375 M.

321 4387 324 4394 ¹
341 4340 360 4402 P
372 4404 514 4474 equitatum
524 4415 677 4469 rammam,
688 4412 786 4476 coguut
797 4422 859 4460 enm

927 3901 952 3937 π.
969 3903 997 3958 p.
1016 3903 1073 3940 τοο.

957 3981 1055 4050 pedites
1077 3979 1216 4038 Numidae.
1244 3983 1331 4036 forsan
1353 3983 1450 4049 pedites

927 4046 1060 4168 (qeqlsqssu
1082 4067 1145 4104 nam
1156 4051 1185 4101 in
1196 4047 1272 4103 codd.
1290 4049 1450 4121 quibusdam

960 4205 1054 4274 legion.
1071 4207 1173 4260 militer.
1190 4207 1242 4260 sic.
1258 4207 1315 4260 cod.
1330 4207 1447 4261 Davisii:

926 4271 1019 4342 reliqui
1035 4273 1136 4326 codices
1150 4281 1177 4326 et
1188 4274 1249 4326 edd.
1261 4284 1324 4329 vett.
1342 4277 1449 4344 pedites.

926 4337 981 4394 sed
997 4349 1024 4392 et
1040 4340 1134 4394 netem
1153 4349 1180 4394 et
1193 4343 1289 4409 pulices
1305 4351 1346 4400 est
1362 4359 1451 4406 recep·

926 4408 980 4460 tius
997 4407 1195 4466 assumendum·
1211 4409 1254 4465 M.
1292 4443 1295 4452 ·
