3030 5318
326 337 412 432 150
515 369 554 428 n.
587 367 727 428 nmrn
760 369 816 426 nn
836 357 983 444 ‘nunno
1017 368 1229 462 nrnrcmo

318 567 460 644 miseris
486 592 529 640 ea
554 592 613 642 res
639 591 757 666 parvo
773 565 954 668 praesidio
972 565 1059 642 fuit.
1102 570 1274 666 Namque
1292 565 1445 641 milites
1503 581 1504 644 ?

320 684 505 772 veterani,
527 683 586 758 ira
612 691 651 756 et
677 683 804 758 dolore
830 680 991 774 incensi,
1016 707 1091 758 non
1118 685 1253 773 morlo,
1279 689 1446 782 ut'par-

319 799 448 904 cer-ent
471 799 591 889 hosti,
618 825 691 874 non
717 807 893 898 poterant
913 801 1067 891 adduci,
1084 800 1148 874 sed
1165 803 1277 876 etiam
1296 825 1342 874 ex
1359 825 1441 872 suo
1503 857 1504 860 ,

319 899 487 992 exercitu
499 917 670 998 inlustres
685 919 862 1006 urbanos,
880 941 972 1018 quos
986 925 1158 993 auctores
1172 918 1415 1018 adpellabant
1427 973 1444 1006 ,

245 1113 248 1128 ,
312 1033 533 1136 complures
568 1042 637 1108 ant
669 1033 935 1124 v‘ulnerarirnt,
967 1041 1035 1108 aut
1068 1037 1358 1110 interfecerunt:
1392 1037 1444 1108 in

321 1160 397 1250 quo
416 1175 572 1225 numero
591 1151 663 1224 fuit
676 1147 821 1222 Tullius
838 1145 959 1224 Rufus
977 1153 1236 1249 Quaestorius,
1254 1155 1338 1250 qui,
1356 1153 1445 1252 pilo

241 1315 243 1320 .
322 1265 549 1340 transiectus
576 1255 748 1336 consulto
767 1288 789 1335 a
806 1263 950 1354 milite,
973 1267 1133 1365 interiit:
1158 1267 1251 1340 item
1276 1269 1446 1364 Pompe·
1503 1311 1504 1320 κ

320 1381 379 1456 ius
404 1379 545 1462 Rufus,
571 1377 768 1452 brachium
784 1377 907 1476 gladio
926 1403 1140 1479 percussus,
1166 1381 1236 1453 nisi
1262 1379 1446 1453 celeriter
1481 1441 1487 1451 ,

322 1493 370 1568 ad
396 1493 607 1566 Caesarem
621 1492 917 1584 adcucurrisset,
943 1475 1172 1581 interfectirs-
1188 1500 1297 1567 esset.
1347 1496 1443 1584 Qrm

284 1689 285 1694 ,
324 1606 430 1680 factu
456 1605 667 1706 complures
694 1593 850 1704 Equites
876 1610 1035 1684 Romani
1062 1611 1332 1705 senatoresque
1359 1633 1445 1705 per-

187 1739 189 1750 ·
288 1771 290 1776 -
323 1721 446 1796 territi
473 1745 521 1794 ex
547 1719 688 1817 proelio
706 1745 745 1796 se
763 1711 1004 1820 receperunt,
1031 1749 1077 1796 ne
1102 1746 1125 1796 a
1150 1721 1350 1810 militibus,
1371 1723 1444 1818 qui
1503 1783 1504 1808 ,

321 1850 372 1920 ex
398 1841 504 1910 tanta
530 1837 691 1910 victoria
715 1836 909 1911 licentiam
934 1839 1004 1912 sibi
1030 1839 1293 1912 adsumsissent
1317 1839 1443 1910 inmo-

326 1950 454 2022 derate
488 1949 690 2048 peccandi,
722 1952 945 2050 inpunitatis
977 1960 1130 2052 propter
1163 1953 1345 2028 maximas
1378 1977 1443 2028 res
1503 1951 1504 1954 '

326 2074 450 2166 gestas
475 2091 560 2164 spe,
584 2068 657 2166 ipsi-
682 2091 830 2165 quoque
860 2069 1171 2144 interficerentur.
1254 2071 1385 2166 ltaque
1401 2071 1443 2142 ii

328 2207 458 2258 omnes
484 2182 666 2282 Scipionis
692 2182 847 2274 milites,
873 2209 989 2283 quum
1006 2187 1117 2267 fidem
1136 2189 1300 2260 Caesaris
1319 2185 1443 2284 inplo-

325 2307 476 2390 tarent,
500 2300 733 2399 inspectante
759 2301 1025 2406 ipso·t3aesare
1050 2311 1089 2376 et
1114 2303 1340 2378 amilitibus
1374 2303 1443 2375 de-

328 2423 524 2519 precante,
550 2416 601 2490 eis
619 2409 917 2514 utiparterent,
934 2418 981 2492 ad
999 2443 1116 2493 unum
1134 2420 1440 2497 sunt‘intertecti.

264 2521 270 2556 ⁸
379 2533 440 2608 86.
459 2535 594 2606 Caesar
613 2532 720 2605 trinis
738 2534 868 2606 castris
886 2535 1028 2632 potitus
1051 2536 1253 2633 occisisque
1272 2537 1440 2615 hostium

331 2651 460 2724 elecem
487 2649 634 2724 milibus
668 2647 877 2746 fugatisque
910 2649 1189 2749 compluribus,
1210 2679 1248 2726 se
1274 2657 1441 2753 recepit,
1503 2663 1504 2666 ’

330 2764 600 2862 quinquaginta
617 2762 796 2834 militibus
815 2763 976 2853 amissis,
995 2766 1122 2859 paucis
1145 2761 1302 2866 sauciis,
1319 2769 1356 2840 in
1377 2794 1442 2840 ca·
1503 2855 1504 2858 Ἴ

331 2890 409 2956 stra
437 2907 480 2956 ac
516 2882 644 2954 statim
678 2903 727 2952 ex
761 2880 893 2954 itinere
929 2885 1219 2984 ante'cppidum
1245 2888 1442 2986 Thapsum
1503 2867 1504 2912 ³

363 3129 477 3170 erectores
495 3115 668 3170 moderandas
681 3115 733 3168 iras
749 3135 850 3170 conser-

331 3183 526 3262 vanrlorrrmqnc
535 3181 661 3236 hostium.
675 3182 785 3236 Viderat
796 3197 858 3236 sen?

282 3278 291 3312 ,i
331 3269 390 3306 sum
407 3251 582 3304 Rhellrceuus.
608 3251 649 3302 M.

364 3322 514 3383 inpunitatis
530 3336 572 3386 spe
589 3326 628 3369 est
646 3318 673 3369 iu
690 3317 765 3370 codd.
783 3318 849 3370 Nor-

258 3437 259 3440 ,
330 3387 379 3438 vic.
397 3393 424 3436 et
439 3385 528 3437 Peter.
571 3383 657 3451 Vulgo
678 3385 849 3452 neglexerunt

331 3471 387 3521 spe,
404 3462 431 3504 et
447 3455 588 3522 inpunitate
601 3462 752 3530 posueruut.
765 3481 797 3496 -ν
809 3453 849 3510 Dc

331 3519 430 3588 insigni
455 3515 505 3570 huc
530 3518 629 3588 proelio
655 3519 688 3572 cs.
716 3515 848 3571 Plutarch.

331 3590 405 3642 tices.
423 3604 445 3637 c.
465 3577 504 3636 53'.
516 3587 563 3654 qui
580 3584 614 3636 ab
625 3584 682 3637 aliis
694 3603 784 3654 negare
798 3589 849 3636 ‘tra-

331 3653 387 3709 dit,
406 3652 541 3704 Caesarem
554 3651 607 3721 ipsi
622 3651 755 3704 conili'ctui
773 3653 849 3702 iuter·

333 3722 427 3780 inisse,
439 3720 563 3788 quoniam
575 3727 633 3768 tum
651 3719 777 3778 maxime,
789 3737 849 3770 cum

331 3790 412 3838 acirim
433 3785 602 3850 instruxerit,
626 3794 767 3855 conseptus
791 3805 803 3836 e
826 3785 848 3834 i-

332 3854 428 3922 ¹leptico
442 3852 531 3904 morbo
542 3853 696 3922 deportatus
713 3855 748 3904 sit
765 3855 794 3904 in
807 3805 850 3904 io·

333 3941 393 3972 erun
410 3929 549 3972 remotum.
587 3919 723 3988 Appianas
740 3923 790 3982 (2,
809 3925 850 3988 96.

332 4005 360 4058 p.
379 3991 443 4051 488)
460 3989 503 4036 vir
521 4003 613 4056 operae
634 3987 748 4055 pretium
772 3982 849 4040 iecitz'

332 4053 396 4106 adeo
404 4053 492 4124 paucis
504 4051 588 4106 verbis
600 4061 700 4104 tautam
714 4073 767 4104 rem
780 4073 850 4106 com·

333 4121 426 4197 plexus
440 4130 486 4171 est.
508 4119 596 4170 Etiam
608 4119 660 4172 Dio
671 4119 777 4172 Cassius
790 4122 850 4184 (43,

335 4203 357 4254 7.
373 4189 412 4248 8.)
428 4187 543 4241 festinat.
561 4186 740 4240 Guischardus
753 4188 850 4250 (ille'm.

293 4292 295 4298 i
333 4251 411 4306 milit.
429 4251 486 4302 Vol.
503 4270 529 4302 α.
548 4272 574 4324 p.
595 4264 650 4318 274.
672 4253 713 4306 vcl
729 4253 760 4306 ’lt
780 4273 802 4306 a.
821 4273 849 4332 p.

332 4321 403 4378 uuo)
424 4321 557 4392 queritur,
578 4321 707 4382 Hirtium,
729 4329 773 4372 eut
789 4339 850 4388 qul-

334 4405 441 4456 pumqas
460 4386 564 4448 rismum
581 4386 644 4441 libri
668 4387 742 4440 huius
759 4396 849 4458 auctor

917 3121 1010 3180 fuerit,
1034 3121 1062 3171 in
1079 3119 1129 3173 hoc
1145 3121 1244 3190 proclia
1261 3121 1439 3176 describendo
1503 3125 1504 3128 ’

916 3189 1043 3239 nonsatis
1055 3185 1207 3304 diligentem
1221 3189 1313 3268 fuisse:
1330 3189 1440 3258 adsper-

916 3256 953 3305 sis
969 3255 1041 3305 enim
1058 3255 1104 3323 qui
1126 3255 1217 3307 usdam
1240 3257 1374 3314 minutiis,
1391 3275 1440 3307 ne-

915 3319 1048 3391 glectoqus
1065 3339 1154 3374 eornm
1174 3323 1288 3384 indicio,
1311 3323 1380 3378 uude
1403 3324 1438 3374 de
1503 3353 1504 3356 =

916 3397 971 3438 tuta
989 3409 1015 3452 re
1033 3388 1159 3440 indicium
1177 3389 1239 3440 ferri
1257 3399 1362 3460 posset,
1379 3408 1438 3441 esse
1503 3407 1504 3410 ’

911 3454 1054 3511 'ellectumt
1077 3466 1107 3508 ut
1129 3473 1183 3508 nou
1205 3455 1259 3508 hisi
1282 3457 1386 3527 aliquid
1403 3457 1439 3508 de

916 3520 966 3575 hoc
984 3519 1083 3591 proelio
1101 3539 1323 3590 cognosceremus.
1341 3525 1378 3572 M.

949 3631 968 3676 ii
985 3644 1070 3677 omnes
1087 3627 1188 3679 milites.
1206 3617 1440 3680 tarantasiae

917 3692 984 3746 male
1001 3694 1081 3766 deest

949 3790 1025 3835 trinis
1037 3789 1128 3836 castris
1142 3785 1256 3845 Afranii,
1273 3785 1366 3844 lubae,
1384 3783 1438 3837 Sci·

937 3853 1013 3904 iouis.
1039 3851 1169 3904 Plutarch.
1193 3852 1218 3904 d.
1242 3851 1260 3902 l.
1285 3855 1321 3904 sic
1342 3852 1439 3904 descri-
1503 3885 1504 3902 2

915 3870 956 3970 liu
963 3939 970 3967 ι
978 3917 1132 3988 Scipionem
1138 3920 1291 3972 constitisse
1301 3917 1335 3970 ad
1347 3918 1437 3984 lacum
1503 3961 1504 3964 ,

888 4019 891 4026 ,
917 3986 1005 4048 (conl.
1022 4003 1043 4038 c.
1062 3989 1127 4047 80),
1145 3994 1171 4039 ct
1195 3985 1329 4054 reliquisse
1346 3985 1373 4035 iu
1391 4004 1437 4036 ca-

917 4055 977 4104 stris
990 4052 1049 4104 aliis
1060 4053 1152 4104 Iubam
1163 4059 1173 4118 (
1181 4054 1214 4105 ct.
1226 4071 1247 4104 c.
1262 4057 1322 4116 85),
1334 4053 1362 4103 in
1375 4051 1437 4104 aliis

916 4119 1061 4170 Afranium‘
1074 4121 1163 4189 (quod
1187 4121 1286 4179 sactum
1301 4137 1355 4176 esse
1375 4127 1435 4170 tum

916 4187 1037 4251 videtur,
1050 4203 1108 4239 cum
1121 4187 1255 4257 Thapsum
1268 4186 1363 4246 movit,
1374 4205 1434 4256 cap.

917 4258 957 4316 78.
975 4261 1040 4304 extr.
1058 4264 1139 4306 castra
1156 4273 1216 4306 vero
1242 4255 1364 4306 videntur
1391 4255 1435 4301 in-

915 4317 1011 4386 telligi,
1029 4321 1099 4372 uude
1116 4313 1200 4394 pridie
1217 4320 1434 4388 cranlcgremhc,
1503 4333 1504 4344 ¹

916 4386 958 4448 ts.
977 4391 1060 4450 extr.)
1076 4388 1113 4450 M.
1192 4441 1210 4453 „
