3044 5316
264 397 327 490 26
460 430 500 491 a,
537 429 676 490 urum
711 431 766 490 urs
802 421 1191 490 recenseremus.

263 635 491 735 proiecerat,
508 631 642 732 gaudio
661 633 852 706 videretur
868 633 1085 732 profudisse.
1103 629 1292 708 Accidisse
1305 631 1386 708 hoc

264 749 475 850 complures
491 749 657 823 Caesaris
674 751 828 850 Legati,
854 752 965 824 amici
981 801 992 842 ,-
1019 753 1284 844 centuriones,
1310 754 1386 825 mi-

263 868 421 964 litesque
448 864 704 956 laetabantur,
729 866 829 964 quod
857 867 973 940 nimia
999 867 1148 940 bonitas
1174 867 1254 946 eius
1280 865 1388 940 falla·

265 989 331 1062 ciis
349 987 453 1084 pueri
472 983 573 1056 elusa
600 992 715 1057 esset:
736 985 841 1082 quasi
867 983 1022 1058 veroid
1050 985 1187 1064 Caesar
1213 985 1388 1058 bonitate

262 1108 415 1179 tautum
442 1099 656 1190 adductus,
694 1125 738 1174 ac
780 1123 855 1172 non
882 1099 1174 1201 prudentissimo
1201 1101 1386 1193 consilio,

263 1221 424 1294 fecisset.

284 1345 288 1354 '
318 1340 381 1412 25.
408 1335 567 1428 Quum,
591 1330 688 1404 duce
715 1329 918 1432 adsumto,
942 1329 1182 1408 Alexandrini
1210 1332 1325 1408 nihilo
1352 1357 1390 1409 se

189 1517 196 1532 .
264 1454 448 1529 firmiores
474 1448 614 1536 factos,
632 1451 700 1524 aut
716 1445 969 1548 languidiores
986 1445 1199 1538 Romanos,
1218 1447 1392 1521 animad-

264 1561 485 1648 verterent3
520 1559 831 1659 studentibusque
872 1561 1058 1640 militibus
1084 1561 1201 1663 Regis
1228 1569 1392 1636 aetatem

265 1691 378 1778 atque
404 1677 692 1768 infirmitatem,
716 1700 900 1776 magnum
937 1677 1108 1754 dolorem
1147 1677 1397 1776 acciperent3-
1475 1661 1479 1669 ¹

151 1847 154 1855 ·
265 1817 386 1894 neque
413 1814 459 1865 se
479 1791 684 1891 quidquam
710 1793 892 1890 proficere
918 1789 1116 1878 viderent3
1143 1811 1419 1888 rumoresque

268 1917 501 2000 existerent,
528 1933 663 2009 magna
691 1911 839 1983 Caesari
858 1908 1041 2008 praesidia
1060 1909 1228 1982 terrestri
1255 1909 1395 1984 itinere

273 2030 384 2126 Syria
409 2025 613 2121 Ciliciaque
639 2023 793 2116 adduci,
830 2025 931 2124 quod
949 2023 1119 2101 nondum
1146 2023 1294 2096 Caesari
1323 2045 1395 2096 au-

272 2147 395 2221 ditum
421 2145 528 2215 erat:
554 2143 838 2232 commeatum,
864 2141 929 2243 qui
956 2142 1099 2214 nostris
1117 2141 1210 2214 mari
1229 2139 1391 2241 subpor-

270 2261 452 2352 tabatur,
478 2258 702 2357 intercipere
729 2261 956 2334 statuerunt.
977 2269 979 2272 ’
1029 2247 1200 2354 ltaque,
1214 2253 1396 2354 expeditis

268 2378 453 2476 navigiis,
477 2373 571 2448 iocis
589 2373 732 2447 idoneis
761 2373 808 2445 ad
823 2373 1034 2472 ¹Canopum
1061 2373 1098 2446 in
1125 2373 1291 2446 statione
1318 2370 1398 2468 dis-

268 2497 400 2598 positis
428 2493 612 2580 navibus,
637 2491 911 2566 insidiabantur
942 2489 1082 2564 nostris
1107 2491 1398 2564 commeatibus.

270 2611 382 2708 Quod
410 2611 474 2684 ubi
500 2609 652 2682 Caesari
680 2607 904 2684 nunciatum
922 2613 1004 2699 est,
1032 2607 1189 2682 classem
1207 2609 1314 2683 iubet
1330 2635 1397 2686 ex·
1517 2631 1519 2672 ¹

270 2729 388 2830 pediri
417 2734 531 2823 atque
558 2725 705 2797 instrui.
764 2723 940 2800 Praeficit
966 2723 1054 2799 huic
1081 2727 1166 2801 Tib.
1191 2729 1396 2801 Neronem.-

270 2847 568 2922 Prohciscuntur
593 2843 631 2916 in
658 2865 702 2916 ea
730 2839 846 2916 classe
873 2841 1042 2917 Rhodiae
1070 2869 1185 2918 naves
1212 2852 1326 2944 atque
1352 2847 1392 2918 in

272 2967 331 3040 his
356 2961 609 3060 Euphranor,
635 2959 712 3031 sine
741 2981 817 3058 quo
844 2959 945 3032 nulla
978 2985 1160 3059 umquam
1202 2963 1401 3037 dimicatio

273 3079 501 3166 marituma,
527 3073 626 3148 nulla
647 3075 761 3148 etiam
780 3093 913 3176 parum
933 3075 1093 3148 feliciter
1112 3075 1287 3149 confecta
1306 3081 1400 3150 erat.

273 3197 326 3272 Ar
352 3195 526 3284 fortuna,
552 3217 647 3291 quae
675 3191 895 3291 plerumque
922 3217 1010 3283 eos,
1033 3217 1128 3292 quos
1147 3194 1318 3294 piurimis
1338 3197 1402 3270 be·

214 3350 216 3353 ·
273 3313 416 3387 noticiis
433 3311 607 3401 ornavit,
634 3309 681 3382 ad
708 3307 897 3384 duriorem
917 3333 1048 3382 casum
1075 3319 1265 3402 reservat,
1293 3337 1403 3411 supe·

274 3433 417 3505 riorum
458 3436 674 3524 temporum
710 3422 922 3516 dissimilis,
955 3427 1242 3526 Euphranorem
1277 3453 1403 3530 prose·

281 3542 479 3642 quebatur.
517 3541 633 3628 Nam,
661 3563 778 3636 quum
806 3539 852 3612 ad
876 3541 1077 3641 'Canopum
1103 3549 1261 3618 ventum
1288 3553 1405 3636 esset,

280 3662 542 3754 instructaque
560 3655 749 3754 utrimque
764 3655 890 3730 classis
906 3654 1161 3752 conflixisset,
1176 3669 1214 3736 et
1229 3679 1294 3734 sua
1310 3687 1405 3736 con-

279 3775 480 3850 ‘suetudine
489 3773 713 3876 Euphranor
731 3772 874 3872 primus
891 3775 1076 3874 proelium
1095 3781 1343 3855 commisisset
1364 3789 1405 3858 et

311 4015 484 4065 metabantur.
513 4011 556 4066 sie
571 4019 600 4064 ‘ct
616 4009 710 4066 Celsus
725 4019 807 4082 patene
874 4011 981 4066 dederat
995 4011 1157 4088 -Praefira'ntr
1174 4013 1232 4066 tute
1251 4013 1307 4068 Tae.
1319 4007 1406 4070 Nero.

277 4081 349 4133 laeti.
375 4081 509 4134 Bentleius
527 4079 617 4132 mallet
634 4082 807 4150 indignaban—
907 4081 1079 4150 Euphranor.
1097 4084 1152 4136 vid.
1170 4103 1192 4136 c.
1214 4089 1251 4134 15.
1270 4083 1312 4135 M.

279 4161 331 4202 tur.
340 4149 387 4202 sed
398 4149 537 4220 sequentia
546 4147 652 4200 firmant
662 4147 807 4217 vulgatum.
905 4151 1116 4228 prosequebatur.
1148 4150 1244 4202 Melior
1264 4149 1345 4202 alteia
1367 4147 1407 4201 le-

314 4213 399 4284 Syria
412 4215 561 4286 Ciliciaque.
570 4217 650 4268 Coul.
663 4235 719 4286 cap.
731 4233 752 4268 1.
765 4215 808 4269 M.
874 4221 950 4279 etro,
968 4220 1175 4286 persequebatur.
1193 4216 1236 4269 M.
1255 4217 1308 4270 Sed
1325 4224 1352 4269 et
1369 4217 1406 4270 G.

313 4295 489 4334 commeatuum.
517 4285 589 4334 Ante
618 4283 729 4336 verbum
758 4281 809 4338 hoe
878 4285 908 4345 5,
940 4302 963 4350 9.
974 4303 1058 4402 prose
1077 4290 1103 4336 ιιί
1120 4285 1192 4338 idem
1208 4294 1285 4336 notet
1301 4303 1330 4336 uc
1345 4301 1406 4352 per·-

227 4383 230 4390 ·
278 4347 311 4402 in
329 4349 389 4402 edd.
407 4351 553 4420 inrepserat
569 4355 677 4402 interea.
696 4350 739 4402 M.
877 4357 956 4420 sequi.
1000 4361 1054 4404 aet
1087 4361 1171 4404 etron.
1189 4371 1211 4406 c.
1231 4369 1270 4420 90.
1281 4357 1408 4421 prosequi

288 4411 291 4420 ’
317 4417 374 4469 Tib.
389 4416 530 4471 Neronem.
541 4417 583 4474 Ct',
596 4418 705 4470 Sveton.
717 4417 808 4470 Tiber.
875 4419 1004 4487 lapidibus
1033 4428 1060 4470 et
1091 4419 1146 4472 Cic.
1183 4419 1256 4472 Verr.
1288 4437 1322 4478 2,
1363 4435 1409 4487 ²9·

281 4501 305 4536 c.
328 4494 353 4551 4.
377 4483 479 4538 cellar.
503 4483 590 4538 Aldus
616 4495 707 4541 contm
731 4484 807 4538 codd.
876 4487 957 4540 vertis
974 4487 1211 4541 vehementioribus.
1228 4487 1307 4541 Csni.
1326 4484 1389 4540 ind.
