3044 5316
409 411 491 476 nn.
527 415 620 474 our.
664 380 833 508 15-17ss
1126 419 1181 517 ¹9

53 627 139 709 set,
164 641 288 719 neque
315 617 401 693 flexi
429 617 477 694 ad
503 620 686 714 virtutem
713 645 761 695 ex
796 627 904 696 tanta
939 621 1189 700 multitudine

1 755 2 782 ³
54 739 128 810 viri
148 738 290 810 virtuti
310 744 526 810 nostrorum
544 743 695 838 possent
713 739 925 838 adaequari.
944 739 1101 839 Capitur
1112 743 1184 816 hoc

53 852 204 952 proelio
220 853 498 952 quinqueremis
513 877 588 925 una
601 857 639 926 et
652 851 804 926 biremis
822 878 909 927 curn
929 853 1185 930 defensoribus

53 970 341 1068 remigibusque
369 977 408 1042 et
435 969 697 1067 deprimuntur
726 973 975 1061 tres,nostris
992 972 1188 1046 incolumi-

50 1085 128 1159 bus
157 1087 353 1160 omnibus:
380 1082 544 1185 reliquae
570 1087 824 1186 propinquam
851 1089 983 1190 fugam
1011 1090 1058 1164 ad
1079 1092 1188 1192 oppi-

54 1197 155 1273 dum
184 1201 366 1300 capiunt,
392 1226 485 1298 quas
511 1205 762 1299 protexerunt
796 1227 843 1278 ex
877 1203 1040 1277 molibus¹
1074 1211 1188 1304 atque
1242 1271 1245 1280 ,

53 1314 240 1387 aedificiis
266 1316 554 1404 inminentibus,
583 1325 623 1391 et
648 1323 797 1393 nostros
815 1318 916 1393 adire
930 1321 1082 1422 propius
1101 1344 1189 1422 pro·-

54 1427 285 1502 bibuerunt.

113 1569 175 1638 17.
204 1547 288 1619 Hoc
316 1571 362 1619 ne
389 1543 458 1620 sibi
477 1549 623 1647 saepius
649 1549 821 1622 accidere
840 1555 984 1648 posset,
1004 1551 1106 1624 omni
1125 1575 1188 1626 ra-

54 1663 164 1738 tione
193 1663 332 1738 Caesar
359 1663 664 1738 contendendum
691 1667 942 1755 existimavit,
958 1675 1003 1740 ut
1021 1666 1183 1740 insulam

1 1819 2 1836 ι
53 1776 294 1876 molemque,
310 1777 356 1851 ad
371 1779 533 1854 insulam
546 1781 816 1880 pertinentem,
829 1781 867 1854 in
885 1805 992 1854 suam
1001 1782 1186 1882 redigeret

52 1897 288 1992 potestatem
299 1919 311 1980 ;
339 1893 513 1994 perfectis
540 1897 639 1968 enim
659 1920 796 1996 magna
810 1919 858 1971 ex
877 1903 981 1996 parte
1000 1897 1183 1970 munitio·

55 2009 172 2081 nibus
188 2010 227 2082 in
247 2011 399 2110 oppido,
423 2009 461 2086 et
474 2009 578 2084 illam
597 2019 636 2086 et
651 2013 782 2086 urbem
802 2037 876 2087 uno
903 2021 1072 2114 ternpore
1100 2020 1187 2086 ten-

57 2125 132 2196 tari
162 2148 272 2222 posse
300 2123 524 2198 confidebat.
551 2129 636 2219 Quo
664 2135 776 2226 capto
804 2127 983 2216 consilio,
1011 2127 1186 2200 cohortes

63 2240 202 2314 decem
229 2248 269 2315 et
293 2240 386 2316 levis
413 2255 625 2316 armaturae
652 2243 811 2334 electos,
837 2269 931 2342 quos
956 2239 1108 2317 idoneos
1139 2267 1189 2320 ex

1 2361 2 2370 ’
59 2355 256 2454 equitibus
284 2355 401 2430 Gallis
428 2359 702 2448 arbitrabatur,
728 2359 766 2431 in
783 2361 930 2459 navigia
943 2355 1088 2430 minora
1103 2381 1189 2428 sca-

57 2471 231 2570 phasque
258 2471 424 2571 inponit:
451 2473 539 2546 inde
568 2472 727 2546 alteram
753 2471 895 2544 insulae
921 2478 1067 2570 partem
1085 2471 1189 2542 disti·

60 2589 210 2662 nendae
229 2615 363 2662 manus
390 2615 520 2664 caussa
547 2589 748 2668 constratis
776 2589 932 2662 navibus
958 2587 1192 2688 adgreditur,

61 2708 246 2806 praemiis
273 2709 418 2808 magnis
436 2707 655 2807 propositis,
678 2707 742 2804 qui
770 2705 912 2804 primns
937 2705 1098 2779 insulam
1125 2731 1185 2780 ce·

1 2831 2 2874 ³
57 2823 190 2920 pisset.
208 2821 266 2895 Ac
287 2823 409 2922 primo
423 2819 593 2922 inpetum
611 2827 831 2894 nostrorum
850 2822 990 2920 pariter
1006 2821 1190 2894 sustinue-

60 2943 178 3012 runt:
194 2960 270 3009 uno
285 2937 385 3010 enim
399 2942 568 3036 ternpore
585 2943 623 3008 et
640 2959 688 3036 ex
705 2933 818 3010 tectis
831 2934 1087 3009 aedificiorum
1100 2959 1191 3036 pro·

82 3178 162 3246 flexi
179 3175 215 3226 ud
233 3179 360 3228 virtutem.
381 3174 506 3227 Davisius
523 3173 595 3243 inge·
661 3184 721 3224 tem.
744 3171 885 3242 Descripta
902 3179 942 3226 est
953 3170 1041 3240 ‚moles
1058 3171 1086 3224 B.
1105 3172 1135 3225 C.
1154 3171 1190 3234 3,

57 3247 136 3298 niose
175 3243 307 3303 coniecit,
345 3241 487 3312 legendum
519 3259 595 3302 esse,
665 3256 720 3290 rra.
738 3240 781 3290 M.
1192 3300 1197 3310 ‚

59 3313 135 3363 electi
165 3313 201 3362 ad
226 3315 364 3372 virtutem,
393 3312 411 3362 i.
437 3329 460 3361 e.
487 3318 597 3380 propter
695 3311 723 3357 in
746 3305 860 3376 oppido,
888 3315 913 3356 et
941 3305 1016 3356 illam
1044 3319 1070 3358 et
1096 3305 1192 3357 urbem.
1259 3336 1270 3380 q

59 3381 204 3438 virtutem,
216 3380 318 3430 ratione
328 3379 448 3438 virtutis,
462 3382 490 3436 εἰς
504 3379 595 3446 ἀρετὴν.
662 3371 733 3428 Haec
753 3383 891 3442 tantopere
908 3374 1047 3426 variantur
1063 3373 1092 3424 in
1115 3369 1192 3425 libris

59 3448 193 3499 Probavit
217 3448 395 3500 coniecturam
419 3443 542 3496 Clarleius
568 3452 596 3494 et
662 3443 790 3510 scriptis,
819 3448 851 3491 ut
867 3440 899 3493 de
917 3459 977 3494 vera
995 3439 1107 3494 lectione
1128 3457 1193 3492 eou-

58 3515 121 3567 eB.
142 3513 176 3566 C.
194 3519 232 3574 3,
256 3519 297 3580 84.
314 3514 494 3584 comparavit,
524 3512 597 3561 electi
663 3517 732 3562 stare
754 3516 889 3578 nequent:
917 3525 1004 3578 neque
1030 3507 1082 3566 ulla
1110 3501 1192 3562 ullius

59 3583 97 3633 ad
116 3586 308 3650 pernicitatem.
331 3582 371 3632 M.
394 3586 428 3638 Τὸ
451 3580 522 3630 electi
544 3580 598 3629 iem
664 3573 762 3629 codicis
787 3577 865 3628 lectio
892 3593 998 3628 sensum
1022 3574 1192 3628 commodum

59 3649 175 3700 volebat
189 3644 311 3701 Ciaccou.
329 3647 414 3702 Codd.
432 3647 499 3700 varii
510 3647 596 3714 flecti,
664 3641 752 3695 habet.
774 3641 843 3696 Nolo
856 3644 941 3710 'igitur
957 3641 1148 3713 explicationes
1165 3651 1208 3703 ets
1276 3675 1279 3681 ,

60 3715 135 3768 unde
153 3718 303 3770 coniectura
321 3717 371 3768 ista
389 3715 486 3784 egregie
510 3712 598 3766 firma·
664 3711 860 3764 emendationes
872 3711 994 3764 lectionis
1011 3711 1122 3765 incertae
1134 3721 1192 3764 teu·

60 3793 117 3834 tur.
149 3781 358 3904 Ceternmsext'
374 3781 475 3836 bonum
492 3797 598 3832 sensum
664 3785 727 3830 ture.
757 3779 794 3830 M.
824 3779 938 3834 luriuius
966 3797 1015 3848 pro
1039 3779 1113 3830 illum
1138 3777 1192 3832 lei

63 3850 136 3913 dat,
163 3851 182 3902 i.
203 3869 226 3904 e.
250 3852 279 3903 iu
300 3851 355 3904 ucti
378 3858 471 3905 contre
494 3857 597 3900 suetum
664 3845 739 3898 iubet
761 3845 872 3897 insulam
894 3856 922 3900 et
944 3865 993 3922 pro
1015 3849 1111 3896 tentari
1135 3853 1191 3898 vut

3 3951 4 3956 =
61 3936 179 3972 morem.
664 3917 763 3974 tutari,
781 3913 828 3964 ubi
840 3911 1052 3966 subaudiendum
1063 3931 1098 3964 se.
1116 3910 1191 3980 Quid

96 3983 274 4038 multitudine.
301 3983 325 4036 E
352 3983 429 4038 codd.
457 3992 520 4056 post
546 3979 598 4035 hoc
664 3984 688 4033 si
705 3979 773 4084 lepos
790 3982 864 4032 ittam
880 3980 936 4034 scil.
954 3979 1069 4034 insulam
1090 3991 1116 4030 et
1132 3997 1190 4030 nto-

62 4054 180 4107 verbum
197 4051 350 4106 addendum
366 4061 407 4106 est
423 4051 541 4104 boetutm.
554 4049 597 4100 M.
665 4048 727 4098 leot.
913 4077 916 4085 ‹
938 4085 939 4089 ,
1155 4103 1158 4110 ,

62 4119 97 4174 Id
114 4122 208 4172 visum
224 4121 332 4172 Davisio
349 4109 507 4172 et²Clarleio
528 4118 598 4171 Con·
698 4116 756 4166 s'nde
772 4113 890 4164 alterum.
910 4113 971 4179 An,
988 4118 1042 4182 ipse
1058 4111 1191 4166 alterurn?

65 4197 106 4240 tra
124 4196 225 4239 natum
242 4207 256 4238 e
272 4187 356 4256 glossa
372 4189 467 4240 statuit
483 4187 555 4240 uud.
665 4181 736 4234 Illud
757 4183 816 4232 inde
837 4189 877 4234 est
899 4182 927 4232 in
946 4199 1000 4233 uno
1018 4180 1128 4248 codice3
1149 4200 1208 4234 ceu

100 4260 165 4311 viri.
182 4254 597 4316 Noncertumesthocverbnm,
666 4251 717 4304 teri
745 4265 836 4299 omues
868 4247 966 4300 habeut
994 4249 1036 4302 vel
1065 4253 1111 4310 t'n,
1142 4248 1191 4307 ,vel

67 4323 92 4375 si
104 4322 185 4375 codd.
198 4330 369 4392 spectentur,
386 4331 414 4374 et
428 4331 517 4393 potest
528 4339 599 4378 oom-
665 4333 764 4386 neque,
782 4313 824 4366 vel
840 4321 923 4385 inque.
940 4315 983 4368 M.

67 4389 151 4443 mode
169 4389 267 4442 abesse.
285 4389 327 4442 M.
699 4387 837 4436 edisseratio
855 4385 966 4434 travibus.
984 4383 1040 4436 Alii
1056 4401 1110 4436 ωιτη
1126 4405 1146 4436 e.
1162 4403 1190 4438 n.

103 4457 250 4527 malorque
261 4494 269 4523 ,
290 4458 326 4510 ud
342 4456 452 4510 truttam
465 4460 600 4528 pertinen·
665 4452 730 4508 Mox
741 4449 852 4522 quidum
864 4451 901 4504 At
909 4455 1003 4522 pomo,
1014 4453 1104 4506 miuus
1113 4451 1190 4506 bene.
