2998 5320
279 455 281 462 ·
337 418 439 527 ipa„
614 435 669 496 me
709 433 844 508 ructo
882 437 1145 500 urserureusr

333 658 444 733 guam
472 632 729 732 proficiscitur.
780 635 820 708 ld
847 661 961 734 quum
987 638 1183 736 Pompeius
1200 644 1247 710 eit
1272 637 1435 736 perfugis

333 751 527 836 rescisset,
566 775 609 820 ea
635 749 693 822 die
720 775 785 850 per
811 752 957 824 viarum
982 753 1171 848 angustias
1197 775 1303 825 carra
1328 777 1431 824 com·

333 862 439 959 plura
473 862 684 960 multosque
717 865 868 938 lanistas
901 865 1057 940 retraxit
1082 871 1121 937 et
1145 863 1196 938 ad
1223 865 1434 938 Cordubam

332 1002 370 1050 se
409 981 562 1076 recepit.
612 978 747 1052 Caesar
790 980 1056 1052 munitionibus
1094 981 1277 1078 Ateguam
1317 981 1432 1080 obpu-

335 1118 448 1189 gnare
481 1099 520 1166 et
551 1093 702 1166 brachia
736 1094 1014 1168 circumducere
1048 1097 1193 1193 coepit.¹
1233 1097 1348 1170 Cuius
1382 1099 1435 1172 rei

332 1211 511 1307 Pompeio
537 1233 653 1306 quum
679 1211 835 1284 nuncius
862 1215 958 1284 essct
984 1209 1153 1302 adlatus,
1197 1237 1241 1285 eo
1266 1211 1325 1285 ¹die
1352 1219 1434 1311 pro*

333 1324 524 1400 ficiscitur.
576 1327 689 1399 Cuius
726 1327 763 1398 in
799 1324 1027 1411 adveutum,
1071 1328 1433 1426 praesidii-caussa,

333 1438 467 1510 Caesar
483 1438 675 1536 complura
685 1437 840 1542 castella
855 1441 1077 1538 occupavit,
1098 1443 1234 1538 partim
1252 1443 1315 1514 ubi
1334 1444 1435 1540 equi·

307 1594 317 1608 a
334 1560 464 1642 tatus,
495 1555 630 1653 partim
659 1554 720 1626 uhi
747 1553 927 1652 pedestris
954 1557 1060 1654 copia
1085 1557 1123 1628 in
1149 1557 1308 1630 statione
1334 1559 1437 1632 etin

228 1700 231 1708 ·
335 1673 512 1744 excubitu
539 1672 668 1744 castris
695 1669 872 1766 pracsidio
899 1695 977 1754 esse
1002 1678 1162 1768 possent.
1212 1674 1348 1747 Hicin
1376 1673 1437 1745 ad·

337 1792 455 1857 ventu
481 1785 630 1882 Pompei
652 1763 803 1872 incidit,
828 1790 872 1856 ut
897 1785 1082 1857 matutino
1109 1791 1276 1883 tempore
1302 1785 1437 1858 nebula

338 1903 434 1970 esset
465 1897 699 1977 crassissima.
750 1895 881 1993 ltaque
907 1897 944 1968 in
971 1897 1032 1969 illa
1059 1897 1320 1974 obscuratione
1353 1923 1438 1972 cum
1470 1947 1472 1951 ·

339 2009 495 2113 aliquot,
509 2011 724 2088 cohortibus
742 2017 782 2082 et
800 2012 968 2110 equitum
988 2013 1121 2088 turmis
1139 2010 1439 2090 circumcludunt

339 2127 504 2200 Caesaris
523 2127 664 2228 equites
683 2132 721 2207 ct
739 2125 962 2210 concidunt,
982 2127 1114 2216 sio,·ut
1132 2129 1195 2200 vix
1211 2129 1248 2202 in
1268 2151 1313 2200 ea
1327 2127 1437 2203 caede

338 2243 447 2338 pauci
473 2239 686 2337 effugerent.
954 2251 957 2258 '
1186 2283 1201 2316 κ

392 2381 425 2449 7.
451 2357 660 2456 Insequenti
688 2361 797 2430 nocte
823 2361 945 2428 castra
971 2378 1036 2428 sua
1059 2355 1223 2429 incendit
1245 2356 1443 2455 Pompeius

340 2477 379 2544 et
405 2479 508 2544 trans
534 2469 672 2550 llrrnren
698 2469 842 2542 Salsum
879 2494 943 2568 per
977 2469 1163 2542 convalles
1182 2475 1319 2554 ¹castra
1345 2471 1440 2543 inter
1486 2497 1487 2500 ¹

340 2583 414 2656 duo
441 2582 598 2682 oppida,
625 2583 811 2682 Ateguam
848 2588 887 2656 et
919 2581 1101 2671 Ucubim,
1132 2583 1171 2654 in
1196 2593 1328 2656 monte
1357 2607 1441 2656 con-

340 2702 479 2774 stituit.
513 2698 646 2774 Caesar
671 2699 709 2770 in
735 2697 1003 2772 munitionibus
1029 2698 1259 2800 ceterisque,
1284 2721 1381 2802 quae
1399 2697 1442 2773 ad

375 2999 423 3051 per·
441 2985 541 3033 vinnam
564 2991 662 3049 aegrest.
680 2979 741 3032 MS·
758 2979 862 3032 Nervis.
929 2977 975 3033 Sic
992 2987 1043 3032 tres
1060 2979 1136 3032 codd.
1150 2979 1222 3032 boui.
1240 2978 1346 3032 Ceterae
1361 2977 1445 3032 lectio·

347 3048 471 3101 exbibet:
497 3066 546 3116 per
564 3052 628 3096 viar.
646 3046 823 3114 dffcultatem
839 3058 865 3096 et
931 3065 977 3098 nes
994 3065 1025 3098 ex
1042 3045 1090 3097 bac
1107 3047 1224 3098 detortae
1241 3055 1311 3098 sunt.
1338 3047 1384 3099 M.

346 3119 494 3182 angustias,
512 3128 578 3183 quae
593 3131 653 3165 sana
671 3122 697 3164 et
714 3114 814 3164 sincera
825 3121 866 3164 est
962 3115 1089 3180 pedestris
1099 3117 1181 3183 copia.
1200 3114 1243 3166 Sic
1254 3113 1350 3166 Daris..
1363 3133 1377 3166 e
1391 3107 1445 3168 cod«

346 3181 435 3236 lectio.
464 3181 591 3232 Davisius.
616 3179 693 3232 Et'ex
705 3177 752 3230 hac
768 3187 865 3233 ceterae
931 3179 1111 3250 rtorv.„vugo
1126 3180 1256 3248 pedestres
1273 3183 1368 3246 copiae.

348 3263 441 3301 omues
471 3255 534 3301 suut
567 3247 739 3318 depravatae,
768 3246 864 3308 veluti,
965 3247 1165 3297 circrundudunt.
1206 3245 1369 3311 Ambiguum
1395 3252 1445 3309 est,

288 3316 295 3330 ‘
347 3334 379 3366 cn
408 3315 449 3366 die
478 3325 566 3366 nasute
583 3313 737 3384 jacultatem
764 3325 866 3382 angust.
933 3320 1021 3364 utrum
1038 3313 1193 3381 Pompeiani
1209 3314 1327 3364 Caesaris
1349 3313 1447 3381 equites

347 3390 408 3438 aut,
431 3399 462 3431 ea
484 3381 525 3432 die
551 3380 802 3497 Moturbiwultotem
820 3397 868 3448 per
933 3377 1212 3436 circumcluserirrt,an
1221 3379 1448 3435 CaesariauiPom·

349 3453 455 3498 uiarum
472 3451 611 3517 angustius.
673 3483 679 3496 .
934 3447 1049 3517 prinum.
1065 3445 1448 3514 mcum-praecedentiaflum

383 3513 524 3582 multosque
542 3514 659 3564 ἰιιιιὶιιαε.
688 3512 733 3565 Sic
748 3511 824 3564 codd.
841 3520 869 3564 et
934 3512 1225 3582 subsequentia‚'rnagis
1236 3520 1365 3579 arguunt,
1379 3511 1448 3568 Pom·

339 3579 409 3636 ¹cdd.
429 3582 528 3658 priores
534 3617 542 3640 ‚
560 3588 625 3631 teste
642 3579 712 3632 oud.
737 3581 775 3632 Ac
791 3597 868 3648 saepe
954 3582 1042 3630 eiauos
1055 3598 1068 3628 a
1080 3579 1241 3636 Caesariarlis
1253 3579 1372 3630 concisos
1388 3596 1448 3631 esse.

351 3657 416 3699 sunt
433 3665 462 3696 ιιι
479 3645 555 3698 libris
571 3645 604 3696 de
621 3645 691 3698 civili
709 3645 778 3696 bello
790 3646 869 3698 fami-
934 3597 1015 3698 ltndo
1030 3645 1099 3696 euim
1117 3647 1171 3711 ait,
1190 3643 1293 3696 castella
1311 3663 1325 3696 a
1342 3645 1449 3696 Caesare

349 3713 402 3766 liae
436 3711 601 3782 gladiatoriae
633 3720 869 3772 commemoratae,
935 3713 964 3763 iu
981 3711 1039 3765 boc‘
1048 3720 1170 3776 occupata
1187 3729 1259 3777 esse,
1284 3717 1315 3760 ut
1332 3709 1451 3778 Pompeii

373 3799 420 3832 uas
433 3798 499 3831 unus
507 3787 534 3830 et
545 3777 611 3830 alter
618 3783 733 3846 cotgerat
747 3777 870 3829 militiam
935 3778 1061 3832 insultum
1079 3779 1244 3846 reprimeret:
1268 3795 1330 3833 mox
1341 3776 1451 3829 subiun-

352 3799 453 3913 iacere3
467 3845 513 3898 sed
521 3862 644 3915 quorsum
656 3846 737 3896 etiam
746 3843 870 3898 lanistae?
936 3845 1035 3912 gitur‚''
1059 3843 1215 3914 Pompeium
1246 3844 1354 3914 fugisse,
1385 3840 1450 3912 quod

351 3915 420 3968 Nam
438 3931 508 3964 nunc
525 3911 622 3962 milites
634 3919 721 3970 eraut,
738 3929 821 3980 neque
836 3910 880 3966 atl¹
937 3909 1047 3964 midime
1069 3913 1184 3962 facturus
1208 3911 1293 3962 fuerat
1302 3948 1311 3972 ,
1330 3909 1354 3962 si
1371 3908 1450 3977 quali-

353 3999 408 4031 rem
424 3979 603 4048 gladiatorium
617 3977 809 4044 exercebantur.
836 3977 871 4030 Et
937 3996 1049 4048 cumque
1059 3978 1167 4030 victoria
1178 3979 1278 4048 potitus
1289 3983 1365 4028 esset.
1380 3974 1451 4034 libel·

373 4064 480 4098 uorsum
502 4044 582 4096 multi
606 4043 733 4102 lanistae?
768 4045 802 4096 Et
825 4062 871 4096 eur
938 4045 1042 4096 bonasus.
1060 4043 1147 4114 Quare
1165 4043 1215 4096 suh
1233 4045 1338 4095 initium
1351 4040 1451 4111 periodi

352 4064 447 4165 liorum
459 4113 616 4170 nominatim
631 4111 731 4164 mentio
739 4109 785 4162 fit?
800 4111 872 4162 Prae·
938 4111 962 4163 le
979 4121 1052 4172 etur,
1068 4129 1122 4161 eum
1139 4115 1232 4174 (non,
1246 4113 1323 4172 mm)
1344 4111 1382 4157 oli
1400 4120 1449 4156 rior.

353 4179 409 4230 tero
440 4179 520 4248 igitur
547 4178 700 4245 vulgatum,
729 4179 872 4256 multasque
938 4131 995 4244 aab.
1012 4187 1044 4230 ut
1059 4177 1200 4230 Goduinus
1218 4177 1331 4229 monuit.
1346 4127 1412 4239 Sed,
1428 4174 1448 4224 si

264 4299 267 4306 ,
352 4245 479 4306 balistas,
497 4263 689 4315 equorumque
706 4245 811 4297 demum
828 4263 872 4296 ιιι-
939 4243 1083 4296 bicseusus
1100 4253 1151 4304 est,
1188 4243 1322 4313 lanerepu
1339 4241 1449 4292 natloce

350 4319 455 4362 vectum
481 4313 525 4362 sit.
565 4311 673 4381 Lipsius
695 4311 764 4362 lim
788 4310 874 4363 voluit
939 4309 1035 4372 Dionis
1051 4311 1156 4372 casei.
1182 4309 1248 4372 ,33.
1265 4311 1313 4380 qui
1324 4261 1448 4376 bompeio

353 4375 414 4446 legi.
445 4377 487 4428 M.
618 4403 620 4408 ¹
941 4376 1050 4430 feliciter
1078 4378 1183 4431 cessisse
1212 4384 1332 4431 conatum
1356 4381 1447 4428 narrat.

387 4449 487 4513 partim
504 4443 545 4495 ubi
560 4447 700 4514 equitatus,
709 4449 807 4514 partim
823 4444 873 4496 uti.
940 4445 979 4496 Μ.
