3030 5318
223 4057 242 4082 ,ι
342 4039 426 4074 uuum

328 362 390 454 80
465 363 473 376 '
513 390 554 450 a.
589 389 728 448 nrnrn
752 343 817 446 ¹oa
854 387 988 448 suono
1024 375 1239 447 trasenna

327 619 350 665 o
368 591 528 669 Caesare.
547 591 550 600 ’
570 593 676 664 Tunc
695 589 907 680 ConsidiuS,
929 593 1039 664 linus
1056 605 1130 679 est,
1154 589 1299 687 inquit,
1323 586 1443 688 Scipio

328 709 524 804 Imperator
540 704 609 780 boo
625 687 779 804 tenpore
797 707 930 804 Populi
947 705 1113 778 Romani.
1139 701 1280 778 Deinde
1298 705 1335 778 in
1354 730 1446 778 con*

328 828 460 924 spectu
478 845 546 895 suo
562 825 755 920 captivum
773 825 901 894 statim
919 820 1076 893 interfici
1097 820 1202 892 iubet
1226 805 1444 914 litterasque

304 939 496 1014 'nondum
523 938 723 1036 periectas,
749 938 971 1010 sicut-erant
996 933 1182 1036 signatae,
1209 933 1276 1008 dat
1301 934 1447 1008 homini

330 1064 435 1132 certo
453 1055 498 1128 ad
514 1056 727 1152 Scipionem
754 1052 1001 1150 perferendas
1059 1057 1060 1062 ’
1380 1115 1382 1121 .

359 1171 418 1244 ’5.
444 1171 669 1264 Postquam,
696 1191 771 1240 una
796 1175 905 1240 nocte
934 1173 972 1238 et
990 1165 1048 1242 die
1073 1165 1121 1238 ad
1147 1163 1327 1264 oppidum
1353 1187 1449 1237 con-

259 1347 260 1354 ,
331 1294 473 1376 sumta,
500 1309 619 1382 neque
638 1307 855 1382 responsum
882 1282 1037 1356 uilnma
1064 1283 1238 1359 Considio
1264 1282 1448 1368 dabatuu

333 1417 453 1501 neque
474 1404 508 1476 ei
529 1402 692 1499 reliquae
719 1425 846 1498 copias
874 1400 1163 1488 succurrebant;
1191 1425 1311 1499 neque
1338 1401 1446 1498 equi*

332 1527 419 1594 tatu
445 1518 682 1608 abundabat,
709 1516 817 1590 etad
843 1515 1022 1614 oppidum
1049 1515 1342 1616 obpugnandum
1368 1541 1446 1589 non

335 1637 425 1706 satis
442 1633 635 1732 copiarum
653 1631 821 1704 habebat·
833 1637 870 1704 et
888 1655 949 1702 eas
966 1633 1155 1717 tironum3
1183 1652 1302 1728 neque
1322 1631 1447 1728 primo

335 1749 504 1822 adventu
530 1746 791 1822 convulnerari
818 1749 1025 1821 exercitum
1052 1744 1225 1834 volebat3
1252 1753 1292 1820 et
1317 1745 1445 1846 oppidi

328 1867 484 1966 ,egregia
515 1864 676 1938 munitio
711 1869 750 1936 et
785 1856 944 1947 difficilis
971 1862 1017 1936 ad
1044 1861 1335 1962 obpugnandum
1368 1869 1453 1936 erat

339 1981 528 2066 accessus}
559 1985 598 2054 et
631 1977 907 2052 nunciabantur
933 1977 1070 2052 auxilia
1096 2003 1234 2080 magna
1260 1980 1452 2078 equitatus

340 2094 531 2194 oppidanis
549 2093 736 2192 subpetias
754 2091 880 2164 venire
890 2118 903 2178 ;,
929 2116 1004 2164 non
1022 2099 1082 2166 est
1101 2095 1180 2168 visa
1204 2095 1301 2168 ratio
1323 2092 1369 2166 ad
1386 2093 1455 2166 ob-

338 2205 580 2306 pugnandum
607 2205 784 2315 oppidum
815 2207 1092 2296 commorandi,
1126 2231 1194 2297 ne,
1225 2207 1320 2280 dum
1343 2209 1383 2280 in
1408 2231 1455 2278 ea

337 2347 378 2396 re
404 2310 538 2396 Caesar
560 2327 656 2395 esset
682 2327 910 2420 occupatus,¹
929 2325 1211 2396 circumventus
1233 2347 1255 2395 a
1275 2329 1383 2424 tergo
1404 2321 1453 2396 ab

339 2441 506 2540 equitatu
525 2438 690 2512 hostium
707 2436 909 2512 laboraret.
967 2477 969 2485 v

391 2553 428 2626 66
454 2555 611 2650 itaque,
634 2558 759 2624 castra
782 2577 897 2650 quum
925 2577 1077 2626 movere
1097 2551 1241 2645 pellet,
1265 2552 1390 2626 subito
1404 2571 1453 2623 ex

340 2669 474 2768 oppido
489 2671 612 2767 erupit
637 2657 842 2741 multitudo
856 2674 969 2765 atque
987 2669 1177 2766 equitatus
1200 2668 1364 2744 subsidio
1379 2691 1459 2740 uno

342 2789 512 2881 tempore
539 2783 591 2854 eis
618 2805 707 2854 casu
733 2783 939 2872 succurrit,
964 2783 1027 2880 qui
1052 2789 1133 2856 erat
1152 2783 1286 2856 missus
1304 2782 1350 2856 ab
1364 2781 1464 2854 Iuba

268 2928 271 2934 s
342 2899 390 2972 ad
409 2899 630 2996 stipendium
649 2895 929 2996 accipiendum,
956 2905 1175 2996 castraque,
1202 2899 1299 2982 uude
1317 2899 1462 2974 Caesar

343 3019 509 3113 egressus
526 3015 598 3088 iter
613 3013 734 3086 iacere
752 3019 946 3112 coeperat,
965 3021 1156 3115 occupant
1173 3024 1212 3090 et
1231 3019 1309 3092 eius
1323 3041 1464 3118 agmen

343 3136 553 3200 extremum
575 3127 717 3224 insequi
740 3129 971 3226 coeperunt(
1032 3133 1137 3222 Quae
1159 3155 1217 3204 res
1239 3153 1355 3230 quum
1378 3131 1462 3203 ani·b
1510 3221 1511 3226 Ἰ

344 3240 540 3314 madversa
558 3246 673 3329 esset,
699 3240 824 3314 subito
841 3241 1031 3343 legionarii
1050 3247 1279 3336 consistunt,
1301 3251 1340 3319 et
1358 3245 1466 3341 equi-

343 3364 420 3448 tes,
455 3381 681 3454 quamquam
710 3363 816 3430 erant
843 3361 969 3456 pauci,
996 3367 1123 3432 tamen
1151 3369 1283 3436 contra
1309 3367 1466 3434 tantam

342 3469 627 3542 multitudinem
648 3469 891 3572 audacissime
918 3480 1161 3548 concurrunt.
1222 3474 1373 3550 Accidit
1400 3500 1466 3550 res

342 3695 370 3740 et
386 3688 548 3742 addidisset:
566 3689 593 3740 A
609 3688 744 3758 Scipion?
761 3695 804 3754 (et
816 3709 863 3764 po*
931 3691 1036 3810 pliciter
1051 3711 1068 3742 a
1086 3693 1206 3744 Caesare.
1224 3693 1280 3748 Hoc
1296 3661 1383 3762 plac'st
1400 3695 1466 3748 cel-

342 3765 410 3808 terat
431 3757 478 3808 h'oc
494 3775 636 3826 quaerere,
664 3758 725 3826 quia
747 3757 864 3828 aliquem
942 3759 1011 3820 ario,
1029 3761 1075 3829 qui
1087 3761 1203 3812 occisum
1214 3761 1297 3812 credit
1307 3765 1462 3832 captivum,

344 3843 358 3874 e
375 3823 430 3874 suis
447 3821 580 3874 militibus
596 3822 720 3887 videbat)
743 3827 863 3896 captivus
904 3841 906 3853 ¹
924 3825 1003 3896 ¹quod
1015 3825 1156 3878 Considius
1174 3829 1345 3898 suspicaretur
1361 3830 1394 3882 de
1411 3849 1463 3881 ur-

342 3889 499 3960 respondit:
530 3891 586 3941 [mo
604 3891 760 3942 acassam.
819 3893 866 3946 Sic
931 3892 973 3946 bis
991 3892 1135 3945 traditione
1152 3911 1225 3961 agere
1244 3894 1354 3948 litteras.
1449 3917 1451 3922 ·

345 3963 373 4008 et
396 3975 436 4006 ras
457 3957 547 4008 onsio‘s
563 3955 684 4010 Considii
708 3967 770 4028 apta
793 3961 865 4020 erit,
968 3959 1041 4010 Unus
1054 3989 1087 3998 —
1100 3961 1217 4012 Romani.
1228 3961 1295 4030 Ergo
1309 3961 1383 4016 nulla
1395 3963 1462 4016 Cae-

437 3973 592 4092 {apionem
603 4043 657 4075 esse
667 4023 864 4096 Imperatorem
931 4027 997 4080 saris
1015 4025 1138 4079 mandata
1155 4045 1275 4096 agnosco.
1294 4029 1331 4079 M.

314 4143 319 4147 ,
344 4097 391 4149 et,
408 4091 470 4158 quia
486 4107 558 4142 nunc
576 4093 720 4160 comperit,
739 4111 798 4144 eum
820 4111 865 4148 ea·
965 4097 1088 4162 signatae.
1107 4093 1152 4148 Sic
1169 4103 1196 4146 et
1225 4094 1310 4156 Valer-
1331 4092 1406 4148 Μαι.
1423 4098 1466 4158 ⁴3,

345 4163 422 4226 ptum
433 4156 466 4208 ab
478 4155 598 4209 hostibus
609 4177 684 4219 esse,
701 4160 786 4229 qsriae
801 4161 865 4211 Cae-
933 4165 969 4228 5,
988 4164 1011 4210 6.
1030 4161 1118 4230 Nepos
1135 4161 1227 4232 Polop.
1246 4161 1281 4220 3,
1301 4180 1325 4214 2.

345 4223 409 4273 saris
437 4224 527 4278 castris
543 4226 664 4284 venerit,
691 4226 766 4278 iubet
792 4226 865 4279 illico
966 4233 1091 4278 tironum.
1108 4228 1152 4279 Gi.
1169 4247 1192 4280 c.
1215 4246 1235 4278 ι.
1255 4229 1292 4280 Μ.
1307 4245 1312 4250 ·’

346 4287 467 4340 interfici.
492 4289 534 4341 M.
557 4289 633 4343 Istud
649 4295 699 4343 imo
716 4303 805 4345 ortum
826 4296 866 4345 vi·
966 4313 1086 4345 accessus.
1105 4295 1160 4346 Alii
1178 4297 1324 4346 adscensus.
1355 4293 1362 4300 ”
1442 4308 1445 4317 ·
1477 4299 1481 4306 ’

349 4353 523 4408 deturevooa
540 4357 604 4420 imp.
659 4359 694 4411 od
709 4361 795 4412 visum
811 4361 864 4412 Da·
966 4362 1002 4412 od
1018 4364 1124 4430 stipendi
1141 4367 1250 4432 maipa
1274 4361 1407 4431 scipiona
1421 4365 1461 4420 ci}

346 4421 414 4474 visio
430 4429 458 4474 et
473 4421 596 4476 Oudend.
620 4377 676 4478 iat
692 4426 782 4480 Celsus
799 4428 866 4480 sim·
932 4445 955 4481 c.
974 4432 998 4481 8.
1015 4429 1058 4482 M.
1313 4457 1316 4464 ·
