3022 5328
632 471 719 552 ¹ns
754 470 887 537 asaro
921 465 1185 537 nrsrrunusr

374 479 468 536 202

372 678 515 777 periore
534 675 617 749 loco
638 675 831 751 defendere
848 685 1014 777 possent,
1042 679 1211 753 subeunt.
1239 679 1285 751 ln
1313 670 1461 757 adventu
1495 683 1496 712 ³

372 793 491 869 nostri
510 791 743 891 depelluntur
759 791 865 864 telis:
893 795 1026 890 quibus
1043 795 1283 885 cedentibus,
1309 798 1461 894 cupidius

372 910 660 1010 insequebantur
685 908 884 982 adversarii
911 915 950 982 et
975 910 1169 984 confestim
1201 911 1402 986 tardabant
1424 915 1460 988 ab

373 1052 536 1102 accessu.
561 1026 643 1098 Hoc
669 1025 813 1123 saepius
838 1024 963 1113 facto,
989 1023 1384 1116 animadvertebatur,
1409 1054 1462 1099 nu·

372 1149 451 1215 stro
478 1163 614 1240 magno
640 1136 679 1209 id
704 1136 781 1208 fieri
808 1135 985 1235 periculo.
1036 1139 1158 1236 Opere
1185 1141 1462 1214 circummunire

370 1256 563 1342 instituit,
599 1251 676 1350 pari
704 1255 830 1323 autem
848 1250 896 1323 'et
922 1249 1030 1324 celeri
1057 1237 1295 1328 festinatione
1322 1257 1463 1359 circum·

372 1371 597 1468 munitiones
622 1372 660 1441 in¹
690 1369 777 1468 iugo
813 1365 1002 1465 dirigunt,
1041 1374 1084 1440 ut
1116 1393 1235 1467 aequo
1274 1372 1366 1470 pede
1391 1395 1462 1444 cun

375 1484 593 1562 adversariis
619 1480 792 1581 congredi
817 1485 977 1578 possent.
1035 1481 1228 1584 Aquibus
1255 1507 1374 1580 quum
1400 1482 1462 1555 ani.

373 1600 613 1674 madversum
638 1600 757 1683 esset,
797 1594 883 1694 fuga
908 1592 976 1668 sibi
1002 1583 1417 1696 prlssidiumcapiunt.
1452 1609 1454 1614 ’
1495 1619 1496 1622 ’

422 1715 484 1810 39.
509 1710 725 1809 Pompeius,
753 1714 925 1804 utsupra
946 1705 1308 1798 demonstravimus,
1333 1709 1460 1780 saucius

374 1833 413 1898 et
438 1827 579 1900 intorto
605 1821 707 1910 talo,
745 1820 884 1892 idcirco
912 1821 1129 1895 tardabatur
1168 1820 1213 1894 ad
1242 1821 1461 1921 fugiendum:

369 1944 539 2039 itemque
558 1945 709 2040 propter
721 1933 798 2009 loci
808 1933 1065 2010 difficultatem
1081 1961 1198 2034 neque
1212 1960 1334 2034 equo,
1347 1927 1459 2032 'neque

374 2055 545 2128 vehiculo
563 2051 672 2126 saluti
691 2075 777 2122 suae
796 2049 1016 2148 praesidium
1038 2074 1163 2148 parare
1184 2057 1348 2149 poterat.
1380 2049 1459 2122 Cae·

374 2166 438 2240 des
456 2193 477 2240 a
495 2167 633 2240 nostris
653 2163 813 2260 undique
838 2162 1187 2254 administrabatur,
1224 2164 1378 2237 exclusa
1393 2183 1459 2233 mu

373 2281 543 2365 nitiuue,
582 2279 795 2374 amissisque
822 2275 978 2350 auxiliis.
1028 2277 1085 2351 Ad
1113 2275 1323 2356 convallem
1351 2281 1457 2351 autera

373 2403 487 2494 atque
512 2419 664 2468 exesum
689 2393 841 2482 locum,
871 2399 915 2467 ut
940 2393 980 2464 in
1004 2392 1243 2491 speluncam,
1279 2391 1458 2491 Pompeius

373 2537 412 2589 se
426 2511 616 2587 occultare
630 2510 772 2608 coepit,
787 2513 829 2580 ut
843 2533 864 2578 a
879 2509 1012 2580 nostris
1027 2533 1098 2580 uon
1114 2509 1219 2582 facile
1233 2511 1459 2593 inveniretur,

371 2625 441 2702 nisi
468 2627 703 2725 captivorum
729 2621 876 2694 indicio.
915 2622 970 2693 tta
996 2621 1051 2694 ibi·
1072 2621 1308 2698 interficitur.
1348 2625 1456 2716 Quum

371 2739 506 2812 Caesar
533 2737 698 2812 Gadibus
723 2735 876 2818 fuisset,
910 2733 1089 2832 Hispalim
1115 2735 1232 2833 pridie
1259 2739 1317 2811 lde
1340 2731 1458 2834 Aprilis

371 2856 488 2950 caput
513 2847 679 2941 adlatum
705 2835 905 2946 'et'populo
933 2847 1061 2920 datum
1087 2855 1146 2921 est
1162 2849 1200 2921 in
1219 2854 1459 2949 conspectum.
1494 2851 1495 2854 ’

421 2969 484 3048 40.
509 2964 710 3036 Interfecto
737 2963 804 3034 Cn.
831 2963 1006 3058 Pompeio
1033 2960 1292 3054 adolescente,
1322 2960 1458 3045 Didius,
1494 3017 1495 3050 ,

372 3103 482 3178 quem
510 3104 619 3178 supra
646 3065 1009 3166 demonstravimus,
1032 3076 1095 3150 illa
1121 3077 1290 3152 adfectus
1316 3073 1456 3160 laetitia,
1494 3089 1495 3118 l

370 3198 541 3296 proximo
568 3221 605 3269 se
630 3196 771 3292 recepit
804 3189 960 3266 castello
989 3181 1256 3290 nonnullasque
1288 3218 1397 3268 naves
1420 3185 1457 3275 ad
1494 3179 1495 3206 ²

371 3307 611 3384 reficiendum
628 3307 841 3396 ,subduxitr
866 3304 1061 3394 Lusitani,
1099 3308 1163 3403 qui
1189 3332 1236 3381 ex
1262 3331 1385 3407 pugna
1407 3324 1458 3400 su·
1494 3297 1495 3358 l

371 3428 608 3529 perfuerunt,
634 3424 679 3498 ad
695 3427 839 3524 signum
858 3447 895 3494 se
911 3428 1131 3518 receperunt
1148 3428 1207 3512 et,
1233 3427 1326 3498 bene
1340 3441 1458 3519 magna

373 3566 488 3614 manu
524 3529 764 3640 comparata,
806 3537 853 3610 ad
883 3533 1033 3608 Didium
1060 3559 1098 3608 se
1123 3543 1330 3636 reportant.
1376 3531 1458 3609 Huic

403 3727 486 3787 Ocra
520 3730 682 3778 circummun.
714 3731 773 3778 inst.
804 3725 887 3778 codd.

389 3795 415 3846 ui
436 3813 479 3846 am
497 3795 671 3864 praemittunt
686 3793 752 3844 Luca
764 3806 846 3862 capta.
866 3793 899 3845 E,

368 3876 452 3932 gessa
470 3879 524 3914 esse
542 3869 618 3930 putat
635 3860 704 3913 Oud.

401 3929 504 3979 exclusa
521 3931 667 3978 munitione.
706 3927 756 3979 Res
775 3925 889 3996 postulat

368 3990 440 4050 bunc
473 4013 597 4058 sensum,
632 3995 823 4054 munitionem,
857 3995 886 4046 in

369 4080 419 4132 qua
444 4059 584 4131 Pompeius
609 4058 734 4122 latuerit,
757 4079 887 4131 expugna·

367 4135 457 4180 tamct
469 4128 622 4196 Pompeium
637 4147 666 4179 ea
678 4129 811 4180 exclusum
823 4146 887 4180 essa.

337 4223 343 4232 -
368 4193 400 4244 1n
411 4195 458 4256 iis,
471 4213 537 4264 quae
549 4205 706 4273 sequuntur,
719 4197 887 4248 consentiunt

368 4269 396 4310 et
422 4261 514 4329 reliqui
542 4271 700 4330 scriptores,
733 4262 887 4332 Pompeium

368 4323 517 4379 latitantem
525 4327 653 4381 detectum
664 4347 814 4399 caesumque
823 4347 886 4380 esse.

371 4391 425 4445 Dio
441 4393 512 4445 Cass.
526 4398 570 4458 43,
588 4404 628 4458 40.
652 4396 767 4464 Appian-
779 4397 797 4456 Ι.
808 4413 831 4447 c.
846 4395 886 4445 M.

404 4464 469 4514 scrin
485 4461 636 4528 panacem.
668 4463 713 4520 Sic
730 4459 805 4518 codd·
832 4461 888 4516 Atti·
917 4514 920 4519 .

954 3737 983 3775 ut
998 3725 1145 3794 speluncam
1158 3723 1199 3777 vel
1215 3730 1242 3778 in
1258 3727 1383 3796 rpelrmca.
1404 3718 1457 3772 Μοῑ

955 3794 989 3844 tbi
1001 3791 1160 3862 interficitur.
1179 3795 1204 3844 A
1217 3793 1346 3846 Caesonio
1357 3787 1457 3853 (sarcir

970 3885 1003 3915 tou
1025 3864 1135 3917 Meroua
1162 3869 1236 3911 vocal
1263 3861 1316 3912 Dio
1341 3857 1386 3922 43,
1410 3851 1456 3915 4⁰⁸)

955 3886 1071 3980 bassaris
1080 3957 1082 3960 ·
1092 3927 1187 3995 Leguto
1197 3970 1203 3992 ‚
1229 3927 1303 3996 apud
1325 3925 1456 3976 Lauronem

953 3993 1082 4064 oppidum
1111 4011 1212 4046 caesum
1238 3993 1354 4046 scribunt
1378 3985 1457 4039 Florus

954 4070 983 4130 t,
1002 4078 1030 4126 a,
1050 4062 1090 4111 86.
1107 4067 1135 4111 et
1152 4059 1243 4112 Celsus
1261 4079 1287 4131 p.
1306 4062 1360 4124 245.

987 4167 1099 4222 Gadibus
1113 4168 1214 4235 fuisset.
1241 4167 1286 4222 Sic
1303 4164 1376 4222 codd
1387 4152 1452 4234 b⁰¹3¹⁷²
1493 4169 1494 4232 ζ

954 4236 1034 4288 altere
1054 4225 1149 4293 lectio,
1168 4253 1224 4286 cum
1247 4236 1344 4286 Caesar
1365 4225 1454 4300 gradu·
1493 4241 1494 4244 ’

953 4305 1029 4354 datur·
1045 4301 1175 4372 Hispalun
1182 4336 1192 4368 ‚
1210 4302 1292 4354 ctiam
1304 4299 1364 4355 l'erti
1373 4295 1454 4366 Ρθῑθῧῑ·
1493 4365 1494 4372 ¹

944 4372 1025 4421 M..

987 4459 1113 4515 Lmitani.
1135 4460 1178 4515 Cf.
1194 4479 1218 4516 c.
1235 4460 1292 4516 36.·
