3024 5326
475 397 758 469 Littntrrrls.

94 599 198 658 tumulae
214 605 303 656 eodem
314 623 384 656 exem
400 601 428 656 lo
440 615 510 671 suut,
527 623 582 659 eme

93 673 296 744 gleiulduutende
310 673 364 724 An
396 677 420 723 ri
441 673 512 725 tdes
531 673 584 726 Te-

31 755 34 762 '
96 754 228 792 eramentu
245 739 287 790 Cf.
305 740 391 790 Edere

65 807 218 859 Exercitum
234 807 305 858 bellis
322 810 392 877 regio
410 809 434 870 8,
455 810 485 856 25

65 875 218 938 Exercitus,
236 873 336 941 pedites
355 891 379 940 7,
398 875 439 926 61.

65 941 165 1009 Exigue
192 940 286 990 hahere
306 939 486 1009 frumentum,
521 958 583 993 cum

95 1009 202 1076 parcius
230 1004 402 1059 dividendum
429 1016 489 1073 est,
522 1020 583 1061 cnm

95 1093 171 1142 aegre
189 1073 284 1126 sufficit
302 1090 324 1136 7,
343 1089 373 1138 71

64 1140 203 1210 Eriguitus
220 1145 338 1208 tentporis
364 1157 394 1205 2,
413 1153 453 1192 αι.
471 1139 512 1193 33.
529 1145 584 1192 exi-

91 1213 181 1276 guitas
191 1213 331 1274 copiarum,
343 1225 466 1261 numerus
478 1210 584 1277 erigunt

95 1277 129 1340 3,
148 1273 190 1324 23.
206 1279 334 1344 exiguitas
353 1276 445 1344 pellis,
467 1275 582 1330 brevitas

97 1353 129 1406 47
152 1359 162 1390 ¹

64 1409 172 1458 Eximia
190 1411 274 1474 opinio
290 1425 315 1472 a,
335 1409 352 1460 8

64 1474 187 1593 Existgrpe
207 1475 330 1544 adparere
347 1474 377 1528 C·
395 1474 427 1538 3,
455 1481 511 1528 ιο5.
536 1476 582 1528 At.

63 1609 237 1668 Existimarm
264 1626 312 1678 pro
329 1609 481 1674 aestimare,
513 1607 541 1660 h.
560 1627 584 1660 e.

95 1675 254 1734 diiudicare,
277 1684 387 1734 statuere
404 1676 434 1728 C.
452 1675 484 1736 3,
506 1693 551 1726 102

65 1742 198 1806 Expedire
219 1760 311 1820 nurse,
340 1751 371 1794 ut
398 1741 431 1796 ad
455 1741 585 1812 proelium

93 1807 454 1954 iiiiaJdutiieirlarucdm²,'oiirs
467 1809 586 1930 Ἡέἔῆε

96 1951 181 1992 tatem
199 1961 314 1994 minuere
332 1942 362 1993 C.
383 1959 405 1996 ι.
425 1951 456 2008 54

65 2008 211 2078 Erpeditur
227 2021 323 2072 motus,
344 2009 484 2062 facillimus
502 2019 527 2074 4,
544 2013 585 2060 25.

94 2076 228 2139 expeditus
250 2077 362 2127 omuibus
379 2079 509 2138 membris,
537 2077 586 2146 qui

95 2141 166 2194 nihil
195 2151 278 2210 gestat
307 2161 356 2196 nec
385 2143 508 2205 humero,
539 2161 587 2196 nee

95 2227 178 2261 manu
195 2218 244 2262 ete.
263 2218 294 2274 4,
325 2219 366 2274 54.
385 2212 510 2279 expediti,
538 2211 587 2280 qui

96 2274 168 2328 nihil
193 2277 246 2326 n'isi
271 2293 341 2326 arma
365 2287 467 2344 gestant
485 2291 521 2337 Ὶ,
545 2287 586 2344 49.

97 2344 300 2462 nitri
313 2345 370 2458 ‘t‘
387 2345 586 2474 reiut

83 2480 124 2526 5.
141 2475 190 2528 ubi
206 2477 243 2528 sic
260 2448 424 2546 explicaturi
440 2483 493 2528 sine
510 2447 587 2528 man:

97 2547 169 2611 cipiis
193 2555 220 2593 et
242 2544 426 2610 inpedimentis.
460 2545 516 2596 lter
543 2561 586 2593 eu·

96 2609 156 2677 ped.
177 2610 203 2659 in
222 2627 275 2677 quo
292 2608 366 2661 nulla
383 2618 521 2664 occurrunt
538 2611 588 2662 im·
613 2631 615 2637 ⁴

99 2675 254 2792 pedimenta
274 2695 302 2742 ι,
326 2681 350 2727 6.
371 2677 441 2729 loeus
458 2677 588 2746 mpeditus

122 2780 129 2792 .
155 2759 222 2807 ¹›27

69 2809 173 2877 depelli
184 2828 213 2858 re
223 2810 257 2860 de
265 2827 312 2870 eo,
325 2811 372 2879 qni
380 2829 427 2881 spe
439 2819 467 2863 et
477 2809 588 2862 consiliu

101 2876 202 2928 excidit
218 2877 262 2928 As.
282 2881 315 2926 at

70 2941 208 3010 Erpensos
220 2943 377 3014 alieuifinre
385 2947 515 3012 pecunias,
527 2944 590 2997 scri·

99 3009 163 3060 bere
178 3010 207 3058 in
219 3009 315 3060 tabulis
323 3026 512 3079 expensarum,
524 3009 590 3062 solu·

100 3085 140 3128 tas
154 3091 212 3126 csse
224 3074 301 3128 alicui
318 3077 440 3145 pecunias
457 3082 489 3130 Λ.
503 3086 543 3146 49.
559 3078 588 3128 56

71 3141 214 3210 Experiri,
238 3159 273 3194 sc.
292 3144 358 3212 quid
374 3145 478 3213 possint
497 3160 530 3209 ι,
549 3151 588 3208 44.

100 3213 216 3274 experiri
232 3223 361 3273 eventum,
391 3230 440 3260 usu
464 3219 491 3262 et
513 3229 592 3279 expe-

100 3274 197 3326 riendo
213 3293 363 3344 cognoscere
380 3275 466 3346 qualis
478 3278 513 3329 sit
525 3276 555 3344 3,
566 3275 591 3328 3.

102 3345 218 3410 esperiri
234 3341 359 3392 auritium
376 3343 402 3408 3,
421 3349 434 3393 5

72 3407 208 3524 Επμίενὲ,
241 3409 358 3476 expletur
385 3414 453 3464 iustu
481 3409 592 3462 altitudo

105 3491 119 3537 7
150 3491 165 3524 ι

73 3511 214 3592 dr⁹lioure
229 3559 284 3592 rem
292 3541 513 3612 jiunwuturinm,
536 3561 594 3596 mo·

104 3563 168 3660 lim
180 3609 235 3660 eius
246 3607 435 3677 comparandae
449 3609 593 3663 faciliorem

103 3675 212 3728 reddere
237 3678 266 3740 8,
295 3683 318 3738 4.
340 3676 466 3742 explicere
483 3689 592 3744 sumtus,

104 3759 237 3792 removere
265 3741 427 3794 difficultates
460 3753 594 3796 sumtuum

105 3807 302 3873 faciendorum,
321 3827 426 3874 curare,
447 3819 477 3862 ut
493 3818 593 3862 sumtus

104 3875 242 3926 commode
270 3873 325 3926 fieri
354 3877 457 3944 possint
488 3879 521 3930 A.
551 3876 593 3941 34.
617 3913 621 3918 -

105 3939 237 3994 Similiter
260 3942 386 4007 explieure
409 3943 542 3994 eonsilium
566 3951 594 3996 et

106 4008 593 4076 e.rpliuitumuonrrlium,secileeffectu,

109 4075 198 4143 paucis
221 4074 415 4128 difficultatilms
439 4075 594 4146 obseptum,

109 4145 202 4210 lllle'dstlld
219 4141 249 4192 c·
270 4157 299 4206 1,
317 4144 357 4206 78⁶
380 4142 432 4195 sed
453 4142 483 4194 C·
501 4147 534 4207 3,
553 4147 594 4208 78·

109 4208 252 4274 explicabat
267 4208 396 4260 eonsilium
413 4214 451 4261 rei
467 4215 543 4261 totius
555 4210 595 4260 luis

109 4275 264 4340 rationibus,
274 4276 291 4326 i.
300 4295 322 4326 e.
332 4294 437 4328 omnem
450 4295 515 4341 rem,
523 4294 597 4328 eaus-

52 4391 56 4400 ,
110 4342 145 4392 sis
158 4341 252 4408 agendi
283 4341 343 4392 robe
355 4344 474 4411 cogitatis
482 4380 491 4409 ,
502 4344 538 4394 sic
551 4343 595 4393 iu-

109 4406 245 4467 stituebat.
256 4359 358 4478 illempe
368 4409 510 4462 'consilium
520 4426 595 4477 agen·

178 4503 333 4579 Crustu.
360 4506 552 4580 Comment.
580 4507 687 4580 Tum.
713 4507 757 4579 ll.

1071 411 1161 506 297

683 608 712 661 di
734 601 932 662 difficultatibus
951 607 1089 676 inpeditum
1115 618 1168 676 est,

683 695 742 726 cum
753 675 809 730 fieti
818 679 900 742 possit
907 715 915 737 ‚
928 677 1016 728 utaliu
1024 686 1103 745 atque
1115 678 1168 729 ulio

683 742 762 794 modo
821 741 904 794 udum
919 744 964 809 sit,
976 743 1170 794 hasdifficnlta-

684 816 723 861 tes
740 827 785 860 mu
799 809 966 888 tiplicemque
982 809 1047 862 beili
1063 809 1170 878 gerendi

683 876 812 928 rationem
820 875 953 944 sigillatim
965 876 1102 945 cogitando
1114 895 1171 928 rem

683 943 826 1010 expulimus
844 951 871 994 et
889 944 1058 1010 explicamus,
1087 942 1172 1004 dum,

684 1007 749 1079 quid
770 1017 796 1062 et
818 1027 897 1078 quare
919 1011 1048 1078 agendum
1070 1010 1106 1062 sit
1121 1025 1181 1072 eos

683 1076 801 1145 gitamus.
830 1077 985 1142 Explicatur
1001 1082 1084 1142 acies,
1109 1095 1169 1128 cum

683 1144 722 1194 sic
738 1143 889 1210 instruitur,
909 1153 938 1194 ut
953 1145 982 1194 in
995 1145 1093 1196 instem
1110 1141 1172 1194 lati-

684 1209 805 1262 tudinem
832 1211 934 1262 extensi
962 1211 1019 1262 sint
1047 1209 1170 1275 ordines,

683 1273 738 1328 lion
755 1295 787 1326 eo
809 1275 922 1345 amplius
943 1276 1043 1341 modo,
1060 1294 1124 1346 ¹quo
1141 1278 1171 1326 iu

684 1344 780 1396 itinere
799 1351 844 1394 eut
865 1343 992 1413 augustiis
1015 1345 1121 1396 suerent
1138 1343 1170 1394 C.

685 1425 716 1470 α,
742 1412 781 1460 26.
807 1407 835 1468 ³.
856 1409 895 1476 93.
920 1411 949 1461 it.
967 1409 997 1462 C.
1018 1424 1045 1474 1,
1073 1415 1111 1464 58.
1129 1419 1171 1462 est

685 1476 771 1542 idem,
788 1475 859 1546 quud
871 1478 1010 1544 producere
1026 1478 1129 1544 longius
1142 1481 1169 1528 in

626 1545 629 1554 '
684 1543 779 1594 latiore
796 1549 887 1611 spatio.
909 1544 1009 1612 Agmen
1025 1548 1152 1612 eupliam-o
1160 1577 1169 1607 ,

683 1610 821 1662 confusam
834 1609 937 1664 turham
953 1609 1069 1680 quodam
1080 1610 1172 1662 ordina

685 1675 825 1746 disponere
843 1696 868 1744 9,
888 1688 916 1742 ,ι4

651 1745 822 1813 Explicitiur⁸
840 1744 1030 1815 comparativus
1051 1761 1124 1796 rarus
1141 1739 1171 1795 C.
1219 1763 1225 1774 ¹

688 1827 698 1861 1

652 1816 772 1932 Ea'oii·
789 1895 831 1930 ere
843 1881 938 1946 equites
950 1880 976 1928 in
987 1877 1172 1944 longitudinem

712 1945 731 1996 f.
758 1959 798 2006 7.
826 1945 845 1994 i.
874 1963 897 1996 e.
925 1945 1008 1996 aciem
1036 1945 1171 2014 explicaro.

685 2012 861 2078 Expurigare
882 2015 1054 2078 munitiones,
1083 2019 1173 2062 exten·

686 2077 746 2130 dere
763 2077 808 2130 At.
827 2085 858 2140 tt
1029 2097 1031 2103 ⁸

654 2143 809 2211 Exprimere
833 2141 952 2208 (alien)
969 2161 1051 2194 vorem
1072 2157 1082 2192 r
1091 2176 1101 2207 ,
1130 2142 1170 2192 32.

686 2214 829 2278 exprimere
842 2225 936 2276 aqrmm
946 2209 1172 2260 machinationibus

687 2281 780 2332 enirn
793 2277 823 2328 Α.
838 2279 861 2326 5.
873 2293 951 2346 agger
959 2278 1080 2344 exprimit
1088 2287 1173 2326 turres

687 2345 767 2396 altius
785 2357 809 2408 7,
828 2357 860 2393 22
1108 2397 1112 2404 Ι

654 2411 818 2477 Requirere,
836 2406 970 2476 explorare
989 2416 1067 2525 531
1086 2413 1175 2476 erqui-
1257 2405 1260 2415 ’

687 2495 745 2528 rere
762 2480 916 2542 sententias,
936 2494 1021 2545 rogare
1063 2509 1072 2540 ,
1090 2473 1106 2525 3

654 2545 819 2613 Exsequitur
830 2559 909 2603 suum,
921 2542 1078 2608 defendere,
1092 2541 1173 2605 tueri,

688 2629 723 2664 ne
738 2611 875 2661 amittatur
894 2628 917 2673 1,
935 2619 950 2674 4

655 2679 784 2732 desertus
800 2674 927 2741 humerus,
940 2692 994 2726 non
1006 2682 1090 2727 tectus
1101 2681 1175 2726 veste

735 2749 766 2793 50

655 2759 799 2877 Esiploliare
816 2807 940 2858 lionnrem
962 2807 1086 2875 alieuius,
1114 2823 1173 2858 eum

690 2879 791 2946 privare
809 2873 908 2927 honore
927 2877 951 2939 8,
971 2879 1002 2924 5ο

655 2945 804 2996 Extendere
817 2960 843 2993 se
856 2939 1010 3012 (progredi)
1021 2943 1118 3011 mugnis
1130 2941 1175 2996 tu'·

674 3011 787 3060 ,neribus
805 3008 836 3061 C.
853 3009 880 3074 3,
898 3022 929 3074 77

657 3075 807 3130 Extetmare
824 3080 932 3144 equites,
949 3093 980 3126 eo
997 3074 1129 3142 redigere,
1146 3079 1177 3125 ut

690 3142 791 3196 diducti
808 3150 895 3199 stent,
918 3159 972 3194 non
985 3141 1058 3194 densi
1071 3139 1117 3194 As.
1138 3147 1176 3202 ι4.

690 3215 756 3262 ucies
773 3219 931 3272 extenuata,
959 3209 987 3258 in
1007 3205 1177 3258 latitudinem

690 3279 879 3390 magis,squam
893 3271 1088 3342 longitudinem
1104 3271 1176 3324 dire·

691 3352 732 3396 cta
750 3345 827 3394 Α.5
888 3347 895 3364 ’

658 3411 801 3462 Exterrere
826 3359 918 3458 t9errere
943 3404 973 3456 C.
1002 3419 1032 3470 1,
1056 3411 1098 3469 4ι.
1118 3411 1176 3469 2·,t,

656 3477 745 3530 Eitru
770 3479 881 3538 (contra
899 3475 1022 3542 praeter)
1044 3481 1178 3520 consuetu·

691 3542 781 3592 dinem.
794 3539 824 3592 C.
838 3538 866 3599 3,
884 3542 924 3590 85.
941 3537 985 3592 Sic
1002 3535 1071 3605 apud
1087 3535 1177 3587 Hor-ut.
1201 3569 1202 3574 =

692 3619 768 3659 extra
788 3623 918 3658 numerum
934 3616 960 3656 et
976 3604 1078 3654 modum
1102 3619 1178 3670 agere

659 3673 810 3728 Retrahere
826 3675 892 3724 diem
903 3673 1024 3730 dicendo,
1040 3669 1177 3722 absumere

693 3759 753 3793 euro
770 3739 882 3794 dicendo
899 3737 1013 3791 ndsulis
1035 3754 1116 3806 usque
1134 3753 1178 3788 oc·

692 3826 781 3861 casnm
798 3807 829 3859 C.
851 3824 872 3868 ι,
889 3804 930 3856 32.
949 3805 982 3858 el.
995 3824 1017 3856 c.
1030 3801 1071 3853 33.
1088 3814 1177 3852 extra·

693 3875 765 3926 bitur
790 3887 906 3942 tempus,
932 3871 1004 3943 quod
1031 3867 1177 3926 cunctando

694 3941 806 3993 elabitur
825 3946 849 4005 5,
867 3956 899 3990 22

660 4009 800 4061 Extremus
820 4026 909 4066 uerus,
937 4023 988 4074 quo
1011 4001 1101 4054 nullus
1124 4019 1180 4054 esse

693 4076 775 4140 magis
792 4074 914 4126 adversus
934 4080 1020 4141 potest
1038 4069 1076 4140 3,
1091 4073 1113 4120 5.
1131 4087 1179 4120 ex·

694 4155 790 4193 tremue
806 4159 856 4201 res,
873 4137 1012 4208 dequibus
1027 4138 1181 4188 surrectum

695 4217 736 4260 est
754 4224 779 4271 2,
797 4211 828 4256 25

660 4275 804 4328 Eetrusum
821 4289 907 4330 mure,
924 4271 967 4324 eui
989 4289 1118 4337 accessus,
1136 4287 1182 4337 ag-

695 4357 753 4419 gere
782 4341 905 4411 opposito
917 4373 927 4406 ,
957 4337 1115 4391 interclusus
1141 4341 1181 4390 cst

696 4407 771 4468 d,12

952 4501 1030 4600 Pr
