3030 5318
395 391 476 464 uu.
511 403 604 464 our.
642 369 820 502 59-61.
895 301 897 306 Ι
1070 402 1157 505 ¹²9

51 595 150 696 Vlll3
174 607 215 682 in
243 605 376 682 dextro
404 631 523 682 cornu
550 609 678 702 XXX,
707 606 1159 702 xxvl11;xl11‚xuu,

52 720 243 814 xxvltll,
291 725 429 796 xxvi
457 725 496 798 in
542 723 665 796 media
711 725 817 812 acie;
865 727 989 824 ipsum
1028 736 1159 802 autem

56 835 213 909 dextrum
242 863 380 925 cornu,
407 837 611 911 secundam
633 839 752 912 aciem
775 839 875 928 fere,
901 839 939 911 in
958 863 1089 912 earum
1109 841 1162 913 le·

54 951 192 1046 gionmn
212 958 320 1050 parte
339 939 562 1025 cohortium·
581 953 867 1041 conlocaverat3
894 959 1087 1052 praeterea
1114 979 1162 1030 ex

54 1069 204 1140 tironum
233 1067 440 1167 legionibus
465 1090 603 1168 paucas
630 1070 829 1146 adiecerat.
896 1071 1062 1144 Tertiam
1097 1097 1162 1145 au·
1248 1077 1254 1088 '

54 1188 119 1254 tem
144 1187 265 1256 aciem
290 1185 331 1256 in
356 1187 548 1258 sinistrum
576 1209 685 1258 suum
713 1211 833 1260 cornu
860 1186 1094 1277 contulerat,
1122 1193 1162 1264 et

55 1322 156 1397 usque
192 1301 240 1374 ad
275 1303 367 1376 aciei
394 1325 481 1374 suae
508 1301 670 1376 mediam
697 1301 880 1404 legionem
921 1311 1163 1403 porrexerat,

60 1423 159 1492 etita
185 1419 475 1508 conlocauerat,
500 1415 557 1492 uti
583 1417 776 1491 sinistrum
802 1441 912 1492 suum
940 1445 1059 1494 cornu
1087 1423 1157 1495 tri-

56 1535 127 1631 plex
152 1543 263 1609 esset.
302 1535 344 1608 ld
370 1557 414 1608 eu
441 1533 595 1608 consilto
622 1534 783 1624 ffluerat,
811 1533 911 1633 quud
937 1561 1047 1610 suum
1075 1537 1163 1612 dex·

57 1659 143 1726 trum
168 1655 270 1728 latus
297 1653 567 1728 munltionibus
591 1647 862 1739 adtestabatur,
887 1655 1079 1728 sinistrum
1098 1682 1163 1730 au·

57 1772 141 1857 tem,
182 1771 375 1867 equitatus
415 1767 581 1840 hostium
620 1765 855 1840 multitudini
895 1769 951 1842 uti
992 1771 1161 1844 resistere

59 1891 190 1978 posset,
210 1882 409 1956 laborabat
427 1882 632 1979 eodemque
650 1898 760 1954 suurn
776 1905 930 1956 onmem
951 1885 1163 1980 equitatum

60 1996 279 2096 contulerat:
306 2003 368 2084 et,
396 1995 550 2094 quode?
569 2021 700 2094 parum
722 1995 951 2083 coertidebat,
980 1997 1162 2098 praesidio

61 2105 106 2180 his
128 2099 317 2206 equitibus
341 2109 526 2212 legionem
553 2111 723 2210 quintam
752 2111 992 2208 praemiserat
1018 2111 1164 2184 levem-

63 2247 121 2320 que
145 2235 379 2302 armaturam
404 2229 502 2300 inter
529 2228 681 2323 equites·
698 2228 986 2323 interposuerat.
1038 2227 1165 2325 Sagit-

62 2341 161 2414 tarius
196 2343 300 2416 vatie
337 2344 568 2444 passimque,
602 2340 695 2414 lucis
723 2342 836 2414 certis
862 2339 1099 2438 maximeque
1126 2339 1166 2412 in

27 2545 28 2548 Ἴ
63 2457 243 2548 cornibus,
270 2455 549 2530 conlocauerat.
1009 2533 1012 2538 ,

27 2573 29 2594 ’
103 2569 159 2642 6ι.
185 2574 248 2644 Sic
278 2576 525 2668 utrorumque
552 2569 738 2644 exercitus
764 2569 960 2658 instructi,
988 2575 1062 2640 nou
1084 2565 1165 2666 plus

27 2669 29 2742 ]
64 2707 224 2781 passuum
245 2695 500 2762 trecentorum
522 2690 721 2762 interiecto
740 2691 879 2786 spatio,
897 2685 994 2784 quod
1010 2672 1182 2758 forsitan'

28 2747 30 2890 l
65 2811 136 2876 ante
149 2809 184 2878 id
202 2815 352 2904 tempus
366 2804 554 2878 acciderat
569 2828 780 2902 nunquam,
796 2807 885 2904 quin
901 2801 1166 2892 dimicaretur,

67 2905 206 2998 amane
240 2947 354 3020 usque
381 2922 428 2995 ad
455 2922 586 2993 huram
615 2920 799 2995 decimam
823 2921 891 2994 diei
912 2922 1168 3022 perstiterunt.

67 3033 201 3135 lantque
231 3039 368 3112 Caesar
395 3037 484 3109 dum
513 3039 720 3108 exercitum
749 3037 926 3109 reducere
960 3039 1056 3108 intra
1089 3059 1171 3108 mu·

68 3153 211 3230 ultiones
244 3179 328 3229 suas
360 3155 564 3253 coepisset,
591 3155 715 3226 subito
753 3153 945 3225 universus
981 3159 1170 3250 equitatus

66 3265 207 3346 ulterior
239 3269 488 3366 Numidarum
521 3267 843 3365 Gaetulorumque
874 3269 952 3339 sine
983 3265 1096 3342 frenis
1122 3265 1171 3338 ad

94 3497 463 3583 reciprocari-porrexerat.
476 3509 577 3564 Locum
644 3507 730 3578 ligium
749 3525 816 3576 pour
841 3507 869 3558 la
889 3507 1018 3576 protdger.
1049 3507 1105 3562 Nec
1130 3509 1171 3561 iu·

70 3572 236 3634 Guischardus
253 3587 299 3649 (p.
319 3577 368 3632 530
390 3578 432 3630 vel
453 3579 530 3630 'l'out
554 3586 577 3642 4.
644 3575 784 3628 commode
796 3576 900 3628 confort
912 3574 1092 3628 Guisclrardus
1105 3575 1173 3630 hane

69 3657 116 3710 pag.
133 3649 194 3712 243)
212 3651 251 3700 sic
270 3650 364 3700 vertit:
383 3645 476 3714 Afaris
493 3659 581 3696 nuru·
645 3644 717 3696 Basti
745 3643 969 3710 descriptionem:
1007 3643 1173 3694 Praesidium

69 3713 131 3771 porte
146 3734 173 3766 su
190 3713 321 3766 troisitme
338 3715 406 3784 ligne
422 3715 440 3764 ὰ
457 3715 505 3764 soh
528 3712 580 3762 aete
646 3724 699 3769 est,
729 3712 798 3780 quod
821 3727 870 3777 pru
899 3711 1012 3760 utilitate
1038 3723 1063 3760 et
1087 3709 1173 3760 saluto

70 3779 169 3848 gwalae,
215 3783 237 3832 il
261 3783 413 3849 prolougea'
437 3792 501 3830 certe
528 3779 580 3830 arto
646 3779 752 3830 olicmm
769 3777 862 3828 euadit
876 3782 963 3846 gratia
978 3780 1173 3845 proeponaturr

70 3850 155 3908 Jttsqu'a
178 3851 205 3900 la
222 3851 310 3918 ldgiun
327 3853 371 3914 qui
386 3850 533 3915 partagcoit
551 3846 581 3898 la
646 3847 799 3906 subsidium,
817 3847 885 3913 quud
900 3849 1070 3912 postpositum
1087 3855 1126 3894 est
1138 3843 1174 3896 ad

71 3913 151 4023 {quote
165 3917 196 3968 de
214 3935 261 3967 suu
276 3935 349 3984 corps
366 3917 398 3996 de
414 3913 579 3994 butuitle.d{.
647 3913 841 3964 subueniendum
857 3911 1040 3962 laborantibus.
1062 3911 1105 3962 M·
1181 3913 1189 3949 l
1287 3923 1288 3928 ’

76 3983 272 4112 st'gllig'ngtlebw
291 3985 325 4034 “d
336 4001 397 4033 ‘¹⁶¹⁰‘
409 3999 469 4032 'ua‘
482 3981 581 4034 mm
675 4011 799 4079 fhrsitan.
819 4009 866 4061 sie
881 4004 957 4058 codd.
975 4003 1058 4074 Vulgo
1070 4003 1153 4075 firrtc.

682 4099 777 4151 horam
786 4101 918 4151 decianam.
928 4099 976 4150 Est
984 4099 1087 4149 circiter
1099 4099 1175 4150 tertis

103 4152 270 4206 collocabatur.
306 4153 400 4210 Cellae.
426 4173 459 4208 ox
487 4153 582 4208 Ursini
648 4177 696 4219 ,ut
733 4178 805 4219 uasta
824 4164 1012 4236 pomeridiana.
1041 4164 1106 4216 Mox
1126 4181 1175 4236 pro

78 4217 150 4272 codice
163 4223 345 4274 adiuuarewrl
373 4223 414 4276 De
431 4221 536 4276 turbato
554 4223 581 4274 h.
649 4186 866 4300 dumlegeudum
884 4241 924 4286 est
940 4249 1025 4301 quum.
1044 4233 1086 4284 M.

78 4275 205 4340 l'l·0¹¹d·
245 4305 247 4310 ’
290 4355 292 4364 ,
684 4319 811 4383 equitatus
829 4316 952 4378 ulterior,
970 4331 1065 4392 quem,
1089 4320 1119 4364 ut
1136 4319 1177 4388 est

102 4383 451 4451 praesidio-praemiserat,
469 4381 490 4432 u
505 4381 583 4448 playa
650 4399 673 4434 c·
704 4389 754 4450 59,
788 4383 879 4453 Scipio
909 4383 952 4433 lon
973 4400 1012 4433 rurs
1042 4403 1057 4434 a
1084 4388 1177 4438 ecura

82 4437 157 4496 δεναηι
182 4449 210 4500 Iu
238 4449 364 4502 caualerie
388 4469 418 4500 sa
446 4449 584 4518 cinquiime
652 4449 737 4518 copiis
755 4399 990 4521 promoventis.

159 4549 318 4660 ¹Curuus.
333 4547 527 4624 conruent.
555 4547 662 4622 Tum.
679 4545 725 4622 ΙΙ.
990 4546 1027 4632 1³.
