3044 5316
319 344 373 439 16
499 379 539 438 r.
575 378 714 439 marn
750 379 806 438 mr
842 379 977 442 nrum
1012 380 1230 444 alexand.

309 583 447 658 milites
471 585 736 684 inposuerunt,
754 608 869 684 seque
887 583 934 659 ad
953 585 1231 687 confligendum
1258 589 1438 664 omnibus

309 699 421 773 rebus
439 705 680 797 paraverunt.
714 700 852 773 Caesar
876 701 1043 774 Rhodias
1061 725 1177 773 naves
1204 725 1342 776 novem
1360 704 1436 776 ha-

310 812 442 903 bebat,
468 837 576 904 nam,
604 814 733 888 decem
761 817 903 906 missis,
930 840 1006 888 una
1031 815 1070 888 in
1094 839 1208 888 eursu
1231 815 1340 888 litore
1358 819 1439 892 Ae-

310 929 442 1027 gyptio
469 928 676 1021 defecerat,
702 931 879 1004 Ponticas
905 938 1014 1021 octo,
1038 931 1173 1026 Lycias
1198 930 1361 1028 quinque
1389 953 1440 1002 ex

310 1043 400 1116 Asia
417 1041 627 1118 duodecim.
667 1046 726 1118 Ex
744 1046 801 1118 his
820 1053 929 1120 erant
956 1048 1243 1145 quinqueremes
1266 1045 1436 1140 quinque

312 1164 350 1231 et
372 1159 625 1254 quadriremes
652 1159 802 1234 decem:
821 1162 986 1261 reliquae
1003 1163 1099 1236 intra
1120 1163 1219 1235 hanc
1238 1161 1439 1259 magnitu-

312 1275 438 1350 dinem
456 1283 494 1350 et
511 1277 708 1376 pleraeque
735 1285 900 1377 apertae.
940 1282 1084 1352 Tamen
1102 1281 1246 1353 virtute
1271 1277 1441 1350 militum

314 1395 499 1486 conlisus,
524 1395 686 1498 cognitis
703 1394 871 1468 hostium
897 1397 1036 1496 copiis,
1051 1421 1090 1470 se
1107 1397 1155 1471 ad
1181 1396 1443 1471 dimicandum

199 1512 202 1522 ’
312 1510 483 1608 parabat.
1296 1571 1298 1576 ,

368 1631 427 1714 14.
453 1627 660 1724 Postquam
686 1633 917 1702 eoventum
935 1635 1013 1718 est,
1029 1635 1074 1702 ut
1098 1628 1167 1703 sibi
1195 1635 1354 1727 uterque
1372 1652 1443 1700 eo-

313 1767 398 1818 rum
427 1744 649 1836 confideret,
689 1745 825 1819 Caesar
851 1745 1000 1821 Pharon
1037 1745 1153 1819 classe
1180 1746 1442 1820 circumvehi-

313 1869 400 1952 tur,
425 1861 674 1958 adversasque
702 1873 817 1933 naves
844 1861 1014 1935 hostibus
1040 1863 1259 1950 constituit;
1286 1865 1325 1936 in
1344 1862 1442 1936 dex-

315 1981 377 2049 tro
395 2000 514 2050 cornu
531 1974 697 2049 Rhodias
724 1973 919 2066 conlocat,
935 1977 975 2048 in
994 1978 1144 2050 sinistro
1162 1978 1357 2051 Ponticas:
1378 1977 1444 2048 in-

315 2101 375 2168 ter
391 2095 458 2166 has
474 2095 639 2194 spatium
665 2092 1024 2194 quadringentorum
1045 2121 1223 2194 passuum
1241 2095 1442 2193 relinquit,

261 2305 262 2308 Ἴ
317 2209 418 2306 quod
440 2211 529 2282 satis
547 2233 625 2282 esse
643 2208 691 2280 ad
708 2207 946 2307 explicandas
969 2235 1083 2284 naves
1103 2211 1313 2286 videbatur.
1348 2211 1443 2282 Post

315 2327 416 2400 hunc
436 2327 605 2400 ordinem
622 2325 782 2424 reliquas
800 2351 914 2400 naves
933 2327 1097 2401 subsidio
1115 2327 1317 2402 distribuit:
1343 2351 1445 2426 quae

316 2466 507 2541 quamque
535 2467 666 2515 earum
693 2449 872 2540 sequatur
888 2448 946 2532 et,
972 2445 1032 2516 cui
1053 2445 1271 2532 subveniat,
1298 2442 1442 2516 cousti-

315 2557 393 2630 tuit
411 2565 525 2656 atque
542 2559 715 2658 imperat.
741 2560 827 2630 Non
846 2559 1064 2632 dubitanter
1083 2557 1323 2634 Alexandrini
1342 2557 1443 2632 clas-

317 2699 398 2748 sem
414 2675 631 2774 produeuut
657 2681 771 2770 atque
798 2676 1008 2748 instruunt:
1031 2677 1068 2748 iu
1089 2676 1213 2750 fronte
1240 2675 1445 2749 conlocant

318 2791 412 2864 duas
438 2799 477 2864 et
500 2788 654 2892 viginti,
679 2791 839 2889 reliquas
866 2793 1103 2866 subsidiarias
1129 2797 1167 2866 in
1194 2793 1359 2866 secundo
1385 2817 1448 2865 or-

319 2905 403 2980 dine
430 2909 682 2980 constituunt.
725 2909 907 3008 Magnum
926 2918 1119 3008 praeterea
1146 2931 1347 2982 numerum
1375 2907 1446 2978 mi·

319 3041 458 3095 norum
494 3025 731 3125 navigiorum
766 3031 806 3122 et
840 3027 1064 3124 scapharum
1105 3025 1322 3124 producunt
1357 3049 1448 3098 cum

318 3140 502 3216 malleolis
536 3143 780 3243 ignibusque3
807 3138 835 3214 si
865 3143 954 3239 quid
982 3145 1060 3241 ipsa
1087 3141 1293 3214 multitudo
1313 3147 1350 3214 et
1369 3141 1447 3213 cla·

318 3267 460 3333 moret
479 3258 630 3332 flamma
648 3260 784 3332 nostris
802 3261 956 3332 terroris
982 3260 1127 3332 adferre
1147 3265 1308 3360 possent.
1327 3259 1450 3332 Erant

319 3375 420 3449 inter
439 3377 531 3450 duas
550 3379 685 3450 classes
704 3379 799 3450 vada
827 3378 989 3449 transitu
1008 3383 1188 3476 anguste,
1217 3401 1312 3475 quae
1333 3377 1450 3475 perti·

324 3499 416 3567 nent
435 3494 483 3567 ad
501 3498 693 3597 regionem
727 3494 889 3568 Africae:
916 3495 969 3567 sic
990 3496 1088 3566 enim
1108 3494 1344 3594 praedicant,
1365 3519 1450 3593 par·

354 3765 470 3818 malleoli
494 3769 614 3836 ignesque
642 3777 705 3818 sunt
733 3765 850 3823 malleoli
918 3765 1011 3819 Livius
1029 3770 1096 3830 (ar,
1123 3769 1157 3828 8)
1174 3763 1334 3834 descripsit3
1357 3757 1449 3823 aliud¹

321 3837 331 3888 i
368 3836 415 3896 iti,
444 3851 525 3904 genus
557 3833 666 3886 telorum
696 3836 850 3904 ignitorum.
919 3833 1084 3898 malleolum,
1103 3833 1259 3884 Ammianus
1277 3828 1449 3882 Marcellinus

320 3853 385 3955 §dat
402 3911 488 3954 autem
507 3903 616 3954 omniuo
635 3904 748 3974 ignitum
766 3904 850 3956 telum
919 3903 994 3968 (23,
1013 3906 1057 3966 l).
1077 3901 1117 3953 M.
1138 3900 1179 3951 Cf.
1198 3908 1225 3950 et
1242 3899 1332 3964 Vrget.
1352 3907 1388 3960 4,
1409 3899 1451 3948 18.

321 3967 422 4037 liguum
442 3981 509 4022 teres
527 3969 644 4035 (hastile
662 3973 776 4038 sagitta,
809 3974 849 4022 ia·
952 3972 986 4021 ad
998 3975 1125 4038 regionem
1146 3967 1268 4038 Africae,
1287 3965 1313 4016 h.
1327 3984 1348 4016 e.
1363 3983 1393 4014 us
1414 3982 1449 4016 ue

321 4037 444 4100 culum),
463 4038 652 4092 circumdatum
669 4038 851 4111 repletumque
918 4037 952 4090 ad
966 4057 1023 4090 eam
1042 4038 1174 4103 regionem
1196 4033 1267 4086 urbis
1286 4031 1386 4110 Alexan
1421 4033 1449 4082 i-

321 4105 396 4175 pice,
415 4116 531 4176 stuppa,
562 4105 666 4178 aliaque
683 4109 772 4173 ignem
789 4127 851 4159 ron·
918 4125 986 4167 nee,
1003 4105 1049 4156 ubi
1067 4105 1158 4157 Afrioa
1176 4103 1290 4172 incipit,
1319 4098 1366 4152 ubl
1383 4117 1450 4150 eou-

322 4173 438 4251 cipiente
457 4176 585 4234 materia,
614 4175 686 4244 quod
710 4185 850 4254 autequam
918 4173 981 4224 fluia
999 4173 1104 4224 Altinae
1121 4181 1148 4224 et
1165 4170 1243 4222 Asiae
1260 4176 1323 4222 suut
1340 4185 1371 4218 ex
1391 4167 1450 4236 opi·

321 4239 500 4308 mittebatur,
518 4242 622 4295 incendi
641 4241 762 4294 solebat:
783 4244 851 4310 iguis
918 4243 998 4305 niune
1024 4239 1132 4291 illorum
1150 4239 1300 4290 homiuum¹
1318 4235 1384 4286 lude
1405 4252 1449 4285 se-

227 4330 230 4335 ·
323 4325 382 4374 ergo
409 4309 477 4359 inter
501 4309 646 4362 volandum
673 4320 778 4379 atigetur
801 4320 850 4376 et,
919 4311 1023 4429 quitur,
1051 4317 1154 4377 purtem
1172 4303 1346 4357 Alexandriae
1369 4301 1448 4354 dimi-

323 4375 478 4446 cuicumque
490 4378 574 4428 telum
592 4377 751 4438 adhaeserit,
770 4377 797 4429 itl
810 4379 851 4427 in·
940 4377 991 4427 iam
1009 4395 1064 4427 esse
1081 4377 1203 4430 Africae.
1228 4382 1254 4424 et
1272 4369 1447 4436 intelligitur,

282 4465 297 4494 ι
321 4440 419 4494 “ndib
447 4443 540 4502 Unum
568 4462 667 4516 genus,
697 4444 851 4508 Maricam,
919 4443 1029 4502 alteram
1041 4453 1144 4515 partem
1152 4436 1449 4498 dimidiamessemue.
