3044 5316
1104 313 1163 410 ⁶5

10 545 16 557 '
45 557 169 644 posse:
197 539 295 645 quod
326 545 468 644 quidem
497 545 709 646 subplicium
739 545 891 644 gravius
923 556 1036 620 morte
1068 545 1164 620 otoes

9 649 10 726 l
47 665 209 734 Romani
233 662 419 736 subessent.
482 663 599 752 Ponto
624 687 706 736 earo
737 661 916 734 decederet
948 659 1164 756 comesum,

34 775 278 873 faciliusque
303 775 574 872 publicanorum
604 781 817 864 remitteret,
845 787 1028 872 ceteraque
1061 780 1166 848 resti·

46 881 160 962 neret
182 893 291 960 sociis
315 889 518 988 cibibusque
543 889 735 973 Romanu,
762 911 853 986 quere
873 911 983 984 penes
1008 912 1090 962 eum
1113 912 1167 962 es·

45 1019 134 1079 seut.
190 1003 232 1076 Si
242 1005 415 1098 fecisset,
439 1011 514 1078 iam
538 1020 625 1078 tunc
649 1005 721 1080 sibi
753 1008 908 1076 mitteret
939 1027 1088 1076 munero
1122 1029 1167 1078 oo

8 1181 9 1188 ,
43 1122 161 1210 dono,
188 1130 299 1220 quoe,
323 1122 409 1196 bene
433 1121 537 1194 rebus
558 1125 695 1221 gestis,
721 1121 956 1218 Imperatores
982 1113 1166 1196 asemas

43 1243 211 1338 occipere
236 1253 486 1340 consuessentr
511 1229 663 1312 miserat
689 1239 788 1310 enim
819 1221 1029 1310 Pharnaces
1062 1260 1167 1310 coro*

7 1439 8 1450 χ
42 1376 135 1424 nam
163 1363 331 1424 auream.
381 1353 449 1426 His
474 1354 658 1456 responsis
681 1351 798 1439 datis,
826 1351 968 1448 ligatos
994 1349 1150 1422 remisit·

7 1455 8 1498 ³
95 1487 160 1556 71.
197 1465 258 1538 'At
290 1466 519 1557 Pharnaces,
546 1467 673 1540 omnia
714 1461 913 1536 liberaliter
956 1455 1166 1560 pollicitus,

6 1641 7 1644 ,
41 1603 166 1678 quum
195 1581 432 1654 festinantem
460 1607 504 1655 ac
531 1585 794 1682 properantem
820 1579 1016 1654 Gaesarem
1043 1603 1165 1678 spera·

42 1704 101 1770 ret
116 1695 299 1769 libentius
322 1697 440 1771 etiam
459 1695 793 1800 crediturumsuis
819 1693 1025 1794 promissis,
1052 1716 1165 1788 quam

39 1837 98 1884 res
126 1817 344 1911 pateretur,
372 1837 448 1912 quo
475 1809 631 1886 celerius
649 1810 913 1908 honestiusque
940 1807 987 1881 ad
1003 1832 1061 1880 res
1087 1799 1166 1882 m'a⁶

40 1929 96 2026 gis
113 1931 343 2002 necessarias
357 1911 675 2028 proficisceretur,
688 1929 827 2000 nemini
844 1928 945 2000 enim
959 1931 1039 2000 erat
1056 1927 1165 2028 igno-

39 2049 146 2132 tum,
173 2043 343 2143 plurimis
370 2043 415 2118 de
441 2047 581 2118 caussis
606 2045 654 2117 ad
681 2043 814 2124 urbem
840 2044 1036 2118 Caesarem
1053 2069 1164 2118 revoa-

41 2163 143 2246 cari,
167 2159 307 2236 lentius
333 2182 459 2260 agere,
485 2159 686 2234 decedendi
721 2159 819 2236 diem
854 2155 1043 2259 postulare
1080 2159 1165 2233 lon-

40 2281 209 2376 giorem,
234 2279 425 2375 pactiones
449 2277 709 2375 interponere,
732 2279 771 2350 in
798 2299 966 2366 summa,
992 2277 1161 2356 frustrari

40 2397 184 2494 coepit.
266 2393 420 2482 Caesar,
444 2394 597 2492 cognita
623 2391 827 2466 calliditate
854 2391 1036 2478 hominis,
1063 2394 1165 2492 quod

42 2513 125 2586 aliis
152 2510 388 2608 temporibus
413 2516 550 2582 natura
568 2507 691 2582 facere
708 2517 976 2600 consueverat,
993 2517 1085 2585 tunc
1104 2537 1166 2586 ne·

41 2626 222 2700 cessitate
241 2608 330 2696 iecit
349 2623 552 2714 adductus,
570 2629 615 2696 ut
629 2620 785 2698 celerius
803 2626 972 2698 omnium
990 2626 1163 2726 opinione

40 2757 202 2810 manum
230 2743 453 2810 consereret.

94 2879 158 2963 po.
189 2839 275 2926 Zela
301 2859 357 2928 est
385 2838 562 2952 oppidum
589 2839 627 2926 in
655 2837 797 2960 Ponto,
831 2843 957 2954 positu
991 2841 1090 2958 ipso,
1121 2863 1164 2932 ut

40 2969 76 3042 iu
104 2969 223 3068 plano
250 2967 350 3057 locu,
381 2971 470 3042 satis
488 2969 709 3057 ¹munitum
734 2969 902 3042 tumulus
928 2973 1025 3042 enim
1045 2976 1164 3042 natu-

41 3087 148 3174 ralis,
176 3083 295 3156 veluti
313 3109 427 3158 manu
442 3070 586 3174 fa'ctus,
601 3084 800 3158 excelsiore
819 3071 982 3183 undique
997 3079 1163 3186 fastigio,

42 3205 208 3278 sustinet
234 3223 397 3275 murum.
437 3200 701 3301 circumpositi
716 3209 804 3276 sunt
817 3202 905 3278 huic
924 3203 1060 3302 oppido
1079 3194 1174 3276 ma-x

300 373 304 378 -
386 345 465 407 ann
501 345 594 407 orn
632 309 807 444 69·-72.v

637 3428 734 3492 Strabo
756 3443 809 3502 (ir.
834 3441 861 3510 Ρ
886 3441 944 3491 560.
967 3435 1040 3504 iile)
1057 3447 1085 3492 st
1101 3428 1164 3492 Pso-

72 3443 268 3508 properantem.
305 3437 337 3490 111
356 3429 431 3491 codd.
450 3426 575 3490 omnibus

637 3505 751 3558 temnens
781 3512 816 3571 5,
843 3510 869 3556 6.
898 3515 925 3558 et
952 3505 1106 3566 Plutarchus
1134 3509 1165 3562 in

42 3516 81 3557 est
95 3518 327 3576 praemrrentem,
345 3501 402 3557 siue
420 3523 507 3556 sensu.
536 3505 574 3556 M.

42 3573 82 3624 De
106 3573 190 3627 codd·
215 3572 339 3640 scaligeri
361 3581 389 3623 et
415 3571 514 3623 Cuiacii
536 3586 575 3623 res

43 3640 133 3693 dubia.
160 3640 195 3692 Iu
216 3639 329 3708 desudem
353 3639 447 3708 legitur
467 3649 575 3708 proaer-

43 3721 150 3758 mntem.
178 3706 295 3757 Priorem
318 3705 458 3758 lectionem
489 3713 575 3757 tuetur

44 3773 212 3834 Goduinus,
238 3774 299 3842 quia
316 3773 354 3824 nil
373 3773 478 3825 intersit
506 3774 576 3824 inter

41 3839 574 3971 reuserenare

45 3906 348 4051 &diffissus
377 3994 411 4042 9,
440 3971 465 4054 ³.-
493 3941 574 4024 iusi

43 4037 574 4161 rrorffitefflgggge·gg1ngussj

46 4119 127 4306 iiytmp
153 4145 269 4292 {mitra
294 4173 327 4227 V·
352 4182 409 4226 not.
428 4125 522 4228 alricii:
538 4191 573 4236 2,

49 4259 91 4292 20.
130 4280 139 4302 ,
177 4257 201 4291 o.

87 4377 159 4430 Zela.
188 4373 234 4428 Sic
260 4383 361 4429 Veteres
387 4371 470 4439 libri,
493 4378 573 4431 stiam

637 3568 710 3626 Caes.
728 3591 784 3644 cap.
804 3581 844 3626 50.
861 3573 1011 3644 Stephanus
1031 3584 1093 3642 zita
1114 3579 1164 3628 Ar·

637 3640 762 3696 menius,
790 3639 863 3704 Ziata
880 3641 1060 3712 Cappadociae
1078 3642 1163 3694 adtri-

638 3705 705 3760 huit.
723 3707 841 3778 Quidam
858 3711 952 3760 n'sutro
969 3727 1080 3776 genere,
1099 3708 1163 3760 Plu·

638 3775 742 3828 tarchus
765 3775 894 3828 feminino
915 3776 992 3827 dixit.
1010 3775 1111 3828 Plinius
1127 3775 1161 3826 H.

636 3840 670 3892 N.
689 3844 724 3903 6,
752 3839 777 3892 3.
796 3838 872 3893 Ziela
890 3845 1004 3912 scripsit·
1022 3843 1170 3894 cellarios:

637 3907 759 3961 Davisius
787 3909 911 3976 addidit,
940 3905 1012 3978 apud
1046 3907 1163 3962 Dionem

637 3973 709 4028 Cass.
735 3985 786 4040 42,
811 3977 842 4040 47
868 3981 960 4031 Zr'iuae
981 3973 1069 4026 scribi.
1090 3973 1161 4027 oud.

635 4038 668 4094 ad
692 4037 865 4112 Wesselingii
887 4052 962 4092 notas
980 4041 1008 4092 in
1034 4039 1160 4094 Hieroclis

636 4109 822 4177 synecdeinum
834 4117 872 4179 (p.
892 4121 936 4172 7⁰¹
956 4109 983 4160 iu
1001 4109 1101 4160 Antan.
1120 4109 1161 4160 iti·

636 4179 731 4238 uerar.)
743 4175 852 4228 lectores
863 4174 1028 4238 amandavit,
1040 4173 1087 4226 ubi
1099 4173 1160 4230 zela

636 4243 666 4294 in
683 4250 772 4294 nostro
789 4241 847 4296 loco
863 4239 1031 4303 defenditur,
1056 4241 1159 4296 excluso

636 4307 718 4360 altero
730 4308 812 4362 Ziela.
827 4309 859 4361 In
870 4307 993 4360 Pliniano
1010 4309 1065 4363 loco
1077 4310 1159 4364 editio

635 4375 768 4429 Harduiui
784 4377 851 4430 zeta
867 4375 951 4428 labet.
969 4373 1012 4430 M.

154 4476 310 4552 Cissis.
336 4475 532 4551 Commeat.
583 4463 692 4551 Tum.
716 4469 765 4551 11.
875 4499 890 4526 κ
940 4464 959 4550 l
