3024 5326
337 377 395 436 sn
428 375 593 434 nostru
628 376 887 446 arnscsnrn,
1069 348 1163 478 ²59

8 583 9 586 ’
91 574 160 656 fait
179 567 261 642 dans
280 569 309 637 Ie
326 571 534 658 departement
553 573 593 636 de
612 575 730 650 I'Orne,
743 597 824 658 pour
835 587 985 644 constater
1003 576 1035 636 ia
1055 579 1165 638 rtattte

100 669 176 730 d’un
195 677 324 732 metiore
342 672 462 732 observe
477 676 500 740 a
519 671 636 754 t'Atgte
654 673 683 732 le
702 671 722 734 6
727 671 917 754 floriabAn
933 673 991 733 XI.
1001 694 1064 754 par
1077 673 1104 734 l.
1119 673 1158 734 Β.

100 766 183 836 Boe
204 769 233 842 a
253 765 337 828 Paris
357 763 413 832 xl.

201 1046 288 1139 ‘AD
326 1059 569 1135 BELLVM
601 1059 1018 1175 fflsrnutttttstt.

63 1283 88 1322 c.
97 1261 126 1322 6.
135 1255 379 1322 circumcludunt
392 1269 449 1322 etc.
460 1257 615 1324 Schnellio
623 1260 725 1342 potior
737 1259 857 1323 ridetur
869 1261 1028 1322 auctoritas
1042 1258 1167 1335 Dionis,

101 1379 194 1441 quam
214 1367 245 1418 et
263 1355 357 1417 secuti
376 1365 447 1416 sunt
466 1355 555 1436 vulgo
576 1355 756 1438 interpretes
774 1357 937 1419 vernaculi.

8 1515 13 1522 ,
63 1473 88 1512 e.
114 1473 160 1512 12.
191 1473 283 1534 quum
305 1452 452 1524 venirent,
475 1451 587 1531 cogniti
604 1463 673 1514 sunt
691 1472 713 1510 a
730 1451 793 1510 mtt.
807 1453 859 1532 qui
872 1464 963 1510 antea
983 1473 1051 1510 cum
1072 1451 1167 1510 Fabio

100 1563 129 1610 et
147 1547 246 1612 Petito
253 1546 396 1630 fuerant.
430 1547 499 1606 Non
521 1535 560 1606 ab
579 1545 689 1606 milites
707 1547 857 1626 respicere
873 1547 995 1608 videtur
1015 1545 1169 1612 Schnellio
1265 1543 1269 1550 “

100 1662 275 1730 pronomen
295 1639 471 1714 relativum,
491 1639 543 1706 sed
563 1637 601 1699 ed
614 1659 665 1700 eos
683 1639 737 1724 qui
756 1649 919 1714 venerant,
942 1650 975 1700 ut
994 1642 1032 1702 sit
1051 1663 1171 1702 sensus:

100 1740 217 1818 cogniti
234 1749 303 1796 sunt
321 1757 343 1794 a
366 1735 525 1805 militibus,
548 1747 649 1816 utpote
667 1735 721 1816 qui
742 1736 865 1815 (gnaris
877 1734 1021 1794 militibus
1039 1739 1171 1810 rwrtris)

102 1847 196 1893 antea
216 1852 284 1890 cum
305 1829 399 1888 Fabio
413 1841 442 1888 et
456 1825 552 1886 Pedio
556 1829 699 1914 fuerant.
727 1826 839 1888 Suadet
853 1826 936 1886 hunc
956 1847 1076 1888 sensum
1092 1827 1175 1910 ¹frag-

102 1931 244 1986 mentum
264 1943 281 1984 c
302 1920 407 1986 codice
430 1920 563 1994 coiecit,
581 1911 601 1980 a
622 1919 764 1982 Goduino
790 1919 986 1981 subiunctnm
1006 1919 1085 1982 bello
1105 1920 1174 1982 His·
1203 1952 1214 1964 κ
1336 1960 1338 1972 .

103 2017 259 2104 poniensi,
279 2017 332 2080 ubi
351 2016 438 2078 haec:
470 2017 530 2077 Per
549 2006 604 2076 bo}
626 2015 691 2086 dies
710 2038 731 2074 a
753 2017 947 2096 Caesarianis
974 2018 1035 2078 duo
1055 2017 1174 2100 pedites

103 2116 192 2196 capti
210 2125 293 2184 sunt,
312 2113 365 2194 qui
378 2131 517 2170 sesenos
536 2109 679 2182 dicerem.
722 2111 792 2178 Non
814 2109 899 2177 ticon
918 2111 951 2179 in
971 2111 1017 2168 bis
1044 2109 1173 2175 Caesari

104 2231 196 2283 suam
216 2205 459 2278 consuetudinem
476 2226 604 2264 serrare.
632 2206 807 2282 Antequam
822 2234 863 2252 -·
876 2205 1024 2288 interfecti
1044 2221 1122 2266 sunt.

68 2331 95 2373 o,
115 2305 162 2366 13.
176 2319 204 2366 et
218 2305 288 2364 bene
300 2321 415 2382 magna
425 2301 539 2382 prioris
552 2301 633 2358 muri
646 2307 702 2359 etc.
726 2297 813 2359 Malis
825 2297 999 2360 Schnellius
1010 2305 1177 2382 propioris
1195 2335 1200 2343 .

73 2421 168 2481 c.17‚
188 2399 241 2481 qui
265 2417 367 2477 neque.
381 2396 559 2475 -primam
572 2394 737 2477 fortunam
759 2400 815 2458 etc.
843 2387 1013 2461 Schnellius
1022 2397 1168 2477 primum.

67 2519 93 2560 c.
114 2497 166 2560 25..
190 2515 283 2577 quum
306 2493 403 2550 nostri
425 2491 458 2548 in
478 2511 568 2572 opere
587 2502 680 2548 essent
703 2497 760 2548 etc.
821 2487 991 2550 Schnellius
1010 2489 1068 2550 hoc
1087 2501 1178 2574 pacto

105 2596 226 2650 textum
241 2583 411 2650 constituit:
434 2581 530 2662 Quum
542 2584 638 2642 nostri
650 2585 683 2642 in
695 2603 784 2666 opere
796 2594 905 2654 essent,
925 2583 1056 2662 equitum
1070 2586 1178 2666 copiae
1230 2641 1234 2653 ,

8 2731 9 2742 ,
104 2701 269 2745 concursus
284 2680 397 2761 secere
422 2689 599 2759 coeperunt,
629 2689 662 2742 ut
688 2689 860 2736 consuetum
885 2676 969 2755 sequi
996 2676 1176 2744 existimari

101 2787 228 2868 possent
236 2795 247 2842 ,·
262 2772 409 2853 simulque
425 2771 655 2854 vociferantibus
670 2778 727 2830 etc.
741 2777 772 2828 et
784 2790 870 2838 mox:
882 2770 929 2854 ita
942 2768 1051 2840 arida,
1068 2771 1177 2853 cuique

108 2889 236 2930 suarum
267 2867 378 2950 quippe
402 2866 552 2949 partium,
583 2877 780 2947 expertorum
804 2865 936 2923 virorum
954 2863 1181 2950 fautorumque

108 2966 249 3031 uoluntas
269 2961 430 3021 habebatur
452 2966 464 3030 (
472 2958 506 3018 ni
519 2959 631 3020 rectius
644 2961 738 3033 forte,
753 2959 915 3034 alebatur).

70 3086 97 3124 c.
119 3062 171 3132 31,
192 3073 224 3124 ut
243 3057 287 3117 ad
307 3042 485 3126 subsidium,
502 3077 539 3114 ne
554 3055 592 3114 ab
614 3056 709 3126 latere
730 3064 788 3117 etc.
817 3053 1183 3140 CumGlandorpioh010

109 3151 329 3231 Sohaemus-vt
348 3149 392 3218 cui
419 3147 565 3207 dectrum
591 3157 687 3210 mutet
713 3147 745 3208 in
774 3172 796 3210 a
814 3148 928 3210 deoetro
955 3157 985 3208 et
1010 3171 1084 3211 mox
1110 3151 1185 3237 legit

110 3249 260 3308 dextrum
276 3265 370 3304 cornu
380 3263 517 3333 premere
530 3245 636 3325 coepit.
658 3243 820 3326 „Conspirat
832 3242 929 3308 versio
944 3241 1178 3310 d‘Ablancurtii.

74 3363 103 3403 c.
124 3339 176 3401 33.
197 3336 338 3398 nardum.
364 3335 505 3406 Conferri
525 3343 661 3396 meretur
683 3335 722 3396 de
740 3339 826 3421 spica
851 3334 945 3404 nardi
965 3343 1105 3406 retentor
1125 3338 1184 3400 dis-

113 3433 239 3499 sertatio
264 3434 313 3494 W.
329 3432 432 3504 lones,
452 3449 527 3512 qnae
547 3439 626 3489 extet
645 3429 725 3490 inter
741 3430 805 3490 eius
822 3429 1029 3490 dissertations
1050 3431 1183 3513 relating

115 3545 146 3591 to
170 3529 218 3588 tte
231 3529 345 3605 history
365 3525 430 3586 and
450 3523 622 3606 antiquities
643 3537 696 3584 etc.
717 3525 759 3605 os
771 3525 859 3582 Asia.
881 3521 978 3580 Lond.
1004 3537 1091 3608 1792.
1107 3524 1184 3587 Ger·

114 3623 236 3686 menice
255 3643 273 3686 e
292 3620 429 3688 versione
444 3619 472 3682 Ι.
483 3617 556 3685 Chr,
571 3617 648 3681 Fick
662 3615 756 3686 edidit
769 3618 794 3679 1.
812 3618 864 3686 Fr.
880 3615 1035 3680 Kleucker
1056 3617 1087 3680 Β.
1109 3618 1184 3705 niga
1259 3684 1263 3691 ¹
1289 3614 1291 3620 ’

121 3717 208 3814 1795,
