3030 5318
403 392 493 504 urs,
520 391 614 450 cir,
651 354 825 452 82-852
870 475 874 484 Δ

73 621 147 694 que
163 598 201 675 in
215 589 373 670 sublime
387 591 535 667 extollit
548 596 750 666 armatum.
775 591 848 684 Qui
866 589 904 662 in
921 573 1099 663 eiusmodi
1114 613 1181 690 pe-

20 779 23 786 .
73 707 193 784 riculo
210 735 327 808 quum
346 715 563 809 constanter
580 709 765 810 agendum
786 710 855 782 sibi
878 708 1040 796 videret,
1059 708 1182 810 gladio

74 825 347 923 proboscidem,
359 848 434 921 qua
447 833 529 898 eret
544 824 809 914 circumdatus,
823 823 989 914 caedere,
1000 830 1185 922 quantum

75 939 217 1013 viribus
243 945 413 1036 poteret,
447 963 523 1012 non
550 938 712 1012 destitit:
747 963 822 1037 quo
848 937 974 1011 dolore
1001 935 1186 1012 adductus

77 1053 323 1152 elephantus,
348 1053 466 1128 milite
501 1055 671 1144 obiecto‘,
705 1056 869 1128 maximo
906 1079 993 1128 cum
1029 1053 1185 1130 stridore
1222 1109 1225 1121 -

76 1197 262 1270 cursuque
288 1197 492 1248 conversus
517 1173 571 1246 od·
590 1172 750 1270 reliques
775 1173 911 1246 bestias
942 1197 980 1246 se
1007 1174 1161 1274 recepit.

128 1288 363 1370 85.1nterim
388 1289 537 1386 Thapso
564 1291 626 1386 qui
654 1294 761 1364 erant
786 1289 990 1388 praesidio,
1016 1301 1063 1364 eir
1090 1291 1187 1390 oppi-

78 1402 126 1478 do
153 1407 388 1501 eruptionem
421 1411 532 1504 porta
559 1404 762 1488 marituma
789 1405 931 1477 faciunt
958 1409 1017 1494 et,
1042 1406 1119 1477 sive
1147 1411 1190 1477 ut

78 1523 153 1596 suis
177 1521 341 1596 subsidio
367 1527 632 1610 occurrerent,
657 1523 735 1596 sive
765 1527 828 1611 ut,
859 1520 994 1620 oppido
1022 1519 1190 1609 deserto,

78 1641 167 1737 luga
193 1639 352 1712 salutem
384 1640 451 1712 sibi
484 1641 678 1738 perorent,
705 1637 967 1738 egrediuntur3
995 1645 1106 1735 alque
1133 1638 1190 1712 ila

77 1777 145 1850 per
175 1777 277 1826 mare
309 1752 475 1826 umbilici
507 1754 579 1826 line
610 1755 782 1849 ingressi,
818 1757 958 1826 terrem
993 1749 1190 1849 petebentz

80 1869 144 1964 qui
164 1893 184 1940 a
203 1868 363 1940 servitiis
388 1869 606 1968 puerisque,
632 1869 696 1964 qui
722 1869 760 1940 iu
787 1869 917 1941 castris
944 1869 1071 1956 erant,
1098 1864 1192 1964 lepi-

82 1983 188 2056 dibus
216 1983 368 2084 pilisque
395 1984 573 2083 prohibiti
604 1991 743 2058 terrem
768 1984 975 2082 adtingere,
998 2007 1126 2056 rursus
1153 2007 1192 2057 se

80 2099 117 2168 in
149 2097 328 2198 oppidum
359 2106 593 2198 receperunt.
664 2100 838 2186 Interim,
869 2100 1049 2195 Scipionis
1076 2097 1192 2196 copiis

81 2217 277 2311 prostratis
296 2217 506 2313 passimque
530 2222 616 2290 toto
643 2239 776 2315 campo
799 2214 1046 2312 fugientibus,
1070 2213 1195 2287 conle-

80 2333 167 2403 stim
185 2333 352 2406 Caesaris
385 2333 547 2432 legiones
581 2334 758 2430 consequi
794 2331 1027 2428 spatiumque
1054 2353 1092 2404 se
1119 2353 1195 2403 non

83 2448 172 2524 dere,
195 2433 418 2548 conligendi.
469 2450 543 2544 Qui
570 2455 773 2548 postquam
794 2447 840 2518 ad
864 2471 906 2518 ea
930 2453 1070 2531 cestre,
1099 2471 1194 2544 quae

85 2566 282 2663 petebant,
313 2566 575 2663 perfugerunt,
606 2572 669 2654 ut,
703 2559 1036 2653 refectis'oastris,
1067 2585 1195 2646 rursus

84 2705 160 2753 sese
196 2681 454 2770 defenderent,
479 2683 623 2754 Ducem
651 2681 812 2778 aliquem
841 2679 1056 2776 requirunt,
1082 2701 1195 2776 quern
1245 2667 1248 2682 ’

84 2797 331 2892 respicerent,
358 2797 463 2870 cuius
489 2797 713 2870 auctoritate
733 2795 962 2893 imperioque
989 2817 1067 2884 rem
1094 2817 1198 2892 gere·

84 2920 182 2988 rent.
218 2913 290 3004 Qui
311 2920 510 3010 postquam
528 2913 893 3001 animadverterunt,
912 2911 1098 2986 neminem
1117 2934 1194 2984 esse

85 3026 136 3097 ibi
164 3025 372 3123 praesidio,
398 3027 587 3125 protinus,
614 3027 727 3098 armis
754 3011 927 3116 iniectis,
944 3027 982 3099 in
1002 3026 1116 3126 Regia
1136 3049 1197 3100 ea·

87 3146 166 3210 stro
184 3139 310 3237 fugere
328 3141 573 3214 contendunt.
610 3144 694 3233 Quo
713 3147 909 3238 postquem
929 3145 1199 3238 pervenerunt,

2 3271 3 3343 l
88 3276 133 3322 eo
160 3277 309 3359 qunque
335 3255 383 3333 ab
409 3255 559 3333 Iulianis
586 3257 703 3331 teneri
728 3239 868 3329 vident.
912 3255 1114 3351 Desperata
1141 3277 1198 3324 sar·

2 3392 3 3407 ³
87 3356 191 3458 lute,
216 3363 255 3454 in
281 3359 443 3470 quodem
471 3370 565 3451 colle
592 3373 802 3457 consistunt
829 3377 965 3467 etque,
993 3370 1105 3442 ermis
1131 3365 1198 3442 de-

88 3486 234 3578 missis,
258 3485 523 3577 salutationem
550 3511 654 3566 more
676 3485 827 3561 militari
851 3487 1006 3568 faciunt.
1054 3487 1200 3582 Quibus

124 3747 177 3821 qnia
195 3765 254 3804 erat
269 3753 386 3804 oirmmd.
414 3751 490 3806 boue.
508 3754 616 3825 refertur
682 3773 746 3826 quse
758 3753 940 3826 inpedimento
951 3756 1025 3824 luges
1037 3764 1118 3818 erent,
1128 3763 1199 3818 scuto
1250 3803 1253 3814 ‚

91 3819 125 3872 ad
143 3819 337 3890 proboscidem.
362 3819 417 3872 Alii
434 3840 493 3889 qun.
683 3824 809 3874 rnosimc:
830 3842 891 3874 unm
910 3826 1026 3894 sequitur
1036 3861 1043 3886 ,
1060 3827 1138 3874 armis
1155 3825 1201 3874 ds·

123 3886 566 4028 p‘qplpqenthpliiparqrepthutcop
576 3894 615 3970 bn.
682 3889 878 4008 qsisei‘qsadjno.
887 3889 953 4009 Ειςέ
962 3887 1200 4008 lqpbqeruutndbuc

126 3973 134 4002 ι
186 3975 238 4004 reor
289 3972 311 4004 e.
329 3999 330 4004 ,
351 3973 406 4006 ou.
437 3974 529 4006 u.1u
557 3975 615 4006 rme.
702 3975 750 4008 use
770 3973 811 4008 nm
829 3975 907 4008 snus.
953 3975 967 4006 e
1005 3975 1067 4008 rsus.
1145 4004 1150 4020 ,

94 4021 131 4071 Μ.
148 4022 168 4071 i.
182 4041 204 4072 e.
218 4022 348 4075 tenusv.
361 4021 463 4074 noted
481 4023 514 4074 G.
529 4039 554 4085 7,
575 4033 616 4087 47.
684 3975 701 4028 q
717 4041 747 4074 ea
761 4041 868 4092 quoque.
886 4024 930 4076 sie
940 4021 1014 4076 codd.
1028 4031 1054 4074 ct
1067 4021 1125 4076 edd.
1138 4029 1201 4086 vett,

128 4109 145 4137 a
162 4091 284 4139 servitiis.
296 4107 311 4138 a
323 4091 411 4142 servis.
428 4089 472 4142 Sic
482 4089 546 4143 soll
559 4091 616 4143 Cot.
684 4089 739 4144 Alii
761 4088 865 4142 odduut
881 4094 928 4160 ipsi
935 4127 943 4151 ,
962 4089 1031 4146 urrds
1052 4088 1122 4143 ond,
1139 4107 1202 4144 con·

95 4165 137 4218 24.
156 4153 225 4225 Elor.
236 4154 263 4216 3,
281 4172 326 4216 ιι,
348 4172 385 4208 ιι.
541 4157 542 4160 ’
685 4161 765 4220 lentat
781 4157 830 4224 leg.
847 4162 910 4226 ipsa.

129 4222 225 4287 Ducem
235 4225 377 4290 requirunt.
394 4222 464 4275 Nom
480 4224 618 4285 Afranius,
718 4223 927 4282 armisdemissis.
945 4221 1013 4276 Melo
1025 4221 1069 4288 elli
1082 4223 1200 4290 dimissis,

96 4286 203 4357 Scipio,
215 4287 278 4350 olii,
289 4290 446 4358 aufugerant„
454 4289 494 4341 cf.
507 4309 562 4360 cop.
577 4309 626 4360 9¹·-
686 4290 725 4344 De
735 4293 783 4342 iste
791 4289 951 4352 salutatione
963 4289 1014 4343 vid.
1030 4290 1120 4344 lsidor.
1130 4291 1201 4360 Orlq.

2 4384 3 4422 l
58 4387 61 4396 ·
98 4357 139 4420 36.
157 4355 210 4423 Dio
229 4355 300 4407 Cass.
320 4354 370 4418 43,
386 4374 409 4422 9.
426 4373 468 4408 ro.
486 4358 528 4408 M.
582 4373 584 4384 ¹
689 4355 1106 4426 r‚35.Cf.Lucqn.t,573·Stst.
1118 4357 1202 4428 Theb,

2 4430 3 4438 ¹
102 4429 106 4434 ·
132 4423 616 4492 ormlsadieais,uouomnibus3sed
689 4443 733 4490 12,
751 4435 807 4491 4⁰1·
1117 4461 1120 4468 ·
