2998 5320
440 379 726 452 'tusculanum
1046 345 1139 448 215

175 701 182 706 .
305 645 361 713 ux
382 625 587 716 nmssom
606 649 665 717 nu
685 645 879 718 Pisonum.

83 852 277 938 Locc‘llum
303 865 371 938 tibi
397 867 585 968 signatum
610 867 747 940 remisi.
778 865 858 938 'Ex
885 861 993 938 cour.
1019 859 1077 937 lib.
1109 875 1142 936 ι’.

37 983 95 1052 col.
123 981 187 1053 60.

156 1199 361 1304 mnino
381 1225 681 1301 snssomnvn'
701 1233 762 1302 lo
779 1227 1021 1304 Iunonium.-

77 1445 181 1522 Nam
208 1447 341 1521 adme
373 1448 476 1521 misit
508 1445 694 1522 Antonius
728 1445 951 1548 exemplum
974 1443 1141 1521 Caesaris

36 1561 76 1632 ad
102 1586 146 1634 se
172 1559 401 1645 litterarum,
436 1562 474 1633 in
501 1564 636 1660 quibus
662 1571 760 1651 erat,
791 1588 829 1636 se
857 1563 1038 1636 audivisse
1065 1561 1141 1634 Ca·-

35 1681 163 1746 tonem
195 1673 233 1747 et
266 1672 310 1748 L.-
342 1673 544 1749 Metellum¹
561 1677 600 1749 in
627 1675 773 1750 ltaliam
800 1679 961 1762 venisse,
997 1675 1139 1747 Romae

34 1795 73 1860 ut
99 1795 227 1862 essent
252 1787 393 1887 palam
422 1789 460 1862 id
486 1787 554 1861 sibi
583 1813 655 1862 non
676 1791 842 1890 placere,
867 1815 912 1864 ne
932 1781 994 1887 qui
1014 1791 1139 1861 motus

35 1929 76 1976 ex
102 1925 151 1978 eo
177 1907 329 1993 fierent3
356 1905 616 2004 prohiberique
643 1931 771 1980 omnes
797 1907 920 1998 ltalia,
948 1907 1015 1978 nisi
1043 1917 1140 2002 quo·

32 2047 114 2094 rum
133 2025 210 2122 ipse
230 2042 395 2096 caussam
416 2023 659 2118 cognovisset.
678 2025 807 2120 Deque
823 2049 866 2097 eo
882 2023 1140 2097 vehementius

33 2143 108 2210 crat
136 2137 331 2235 scriptum.
379 2137 442 2208 Ex
467 2137 543 2210 Cic.
567 2138 617 2210 ud
641 2139 753 2212 Attio.
783 2165 849 2226 ει,
878 2155 912 2229 7.

149 2405 211 2470 Ex
230 2403 355 2477 muno
375 2409 674 2477 mlssomnvn
695 2412 754 2476 AD
774 2407 1019 2476 SERVILIVM.

78 2623 122 2696 P.
148 2619 327 2702 Servilius
351 2634 458 2728 pater
483 2654 529 2702 ex·
554 2627 710 2718 litteris,
734 2651 826 2726 quas
851 2625 919 2700 sibi
939 2651 961 2698 a
983 2622 1141 2696 Caesare·

33 2738 161 2810 missas
187 2763 263 2812 esse
289 2727 458 2834 dicebat,
482 2743 665 2844 significat
690 2741 798 2818 valde
825 2748 863 2816 te
890 2739 961 2814 sibi
986 2743 1139 2838 gratum

32 2849 181 2944 fecisse,
207 2855 307 2952 quod
325 2849 370 2930 (le
388 2883 455 2931 sua
473 2858 668 2932 voluntate
685 2881 773 2958 erga
791 2859 987 2931 Caesarem
1008 2855 1140 2926 huma·

32 2971 180 3042 nissime
206 2972 553 3073 diligentissimeque
579 2974 729 3050 locutus
752 2998 860 3048 esses.
911 2973 973 3045 Ex
997 2965 1074 3046 cic.
1091 2967 1144 3043 od

33 3086 205 3186 Quintum
213 3089 278 3184 fr.
305 3092 349 3179 3,
377 3117 414 3176 1,
441 3091 481 3164 6.

89 3345 147 3418 DE
169 3357 207 3420 c.·
224 3352 329 3421 IVLII
349 3353 546 3422 CAESARIS
566 3353 783 3424 EPIS'IOLIS
805 3348 1081 3422 nummolum

81 3569 439 3670 Epistulaequoque
466 3573 544 3646 eius
571 3572 618 3646 ad
644 3573 822 3646 Senatum
850 3575 1019 3660 exstant,
1047 3593 1139 3668 quas

35 3690 176 3784 primus
200 3689 347 3764 videtur
374 3689 420 3764 ad
446 3693 618 3790 paginas,
651 3697 691 3766 et
724 3689 888 3776 formam
912 3686 1141 3760 memorialis·

34 3801 143 3874 libelli
163 3805 407 3894 convertisse,
436 3829 524 3878 cum
542 3811 652 3878 antea
669 3803 847 3878 Consules
865 3810 903 3876 et
922 3796 1045 3874 Duces
1064 3819 1141 3872 non·

36 3917 101 3988 nisi
120 3925 329 3994 transversa
346 3921 476 3994 charta
503 3923 695 3994 mitterent
721 3921 888 4017 scriptas.
923 3919 1082 3990 Exstant
1100 3921 1144 3988 et

37 4031 81 4102 ad
115 4033 351 4120 Ciceronema
388 4037 479 4111 item
514 4035 561 4108 acl
595 4033 812 4122 familiares,
846 4031 1059 4106 domesticis
1094 4027 1141 4101 de

37 4147 163 4235 rebus,
183 4151 222 4220 in
249 4152 383 4247 quibus
408 4151 538 4248 siqua
565 4149 753 4224 occultius
776 4147 991 4248 perferenda
1017 4153 1142 4238 erant,
1279 4225 1283 4231 ,

41 4283 100 4354 per
125 4268 233 4334 notas
259 4266 425 4362 scripsit,
449 4265 487 4336 id
514 4272 590 4352 est,
616 4267 668 4338 sic
688 4271 833 4338 structo
851 4263 1062 4336 litterarum
1082 4286 1142 4336 oc·

43 4373 140 4470 dinc,
165 4383 211 4453 ut
237 4376 381 4461 nullum
409 4381 565 4454 verbum
593 4377 692 4476 effici
716 4387 857 4479 posset:
884 4403 978 4479 quae
1004 4381 1034 4456 si
1060 4380 1145 4478 quia
