3044 5316
325 361 385 461 4⁰
513 376 551 434 n.
588 368 727 434 nrnr'n
762 373 819 434 nu
854 369 989 436 nauso
1024 369 1244 438 aunxtno.

223 567 226 572 ’
321 583 406 653 turn
423 579 641 671 interfecta,
668 579 860 658 tricesima
877 586 984 654 sexta
999 577 1097 680 legio
1116 579 1154 653 in
1170 579 1255 654 loca
1273 603 1311 654 se
1329 600 1448 682 supe·

321 697 421 770 riora
445 693 626 786 contulit,
646 719 720 768 non
740 693 899 794 amplius
925 695 1097 770 ducentis
1115 702 1154 772 et
1173 698 1451 800 quinquaginta

322 813 548 905 desideratis.
606 812 833 888 Ceciderunt
865 835 911 886 eo
941 811 1083 912 proelio
1116 811 1297 912 splendidi
1329 821 1450 914 atque

304 926 496 1002 ainlustres
520 929 589 1002 viri
610 927 776 1001 nonnulli
796 927 952 1026 Equites
976 924 1151 1001 Romani.
1202 931 1289 1022 Quo
1316 934 1449 1002 tamen

320 1043 564 1118 incommodo
605 1045 795 1118 Domitius
830 1051 1007 1144 accepto,
1042 1042 1218 1142 reliquias
1258 1046 1450 1118 exercitus

322 1161 491 1261 dissipati
519 1160 704 1262 conlegit,
733 1160 1003 1258 itineribusque
1029 1162 1215 1262 tntisper
1248 1161 1452 1262 Cappado-

322 1279 419 1354 ciam
446 1303 484 1354 se
503 1281 542 1352 in
568 1279 698 1352 Asiam
716 1278 871 1376 recepit.

372 1398 435 1480 41.
474 1393 707 1482 Pharnaces,
741 1393 854 1466 rebus
879 1391 1053 1466 secundis
1086 1388 1227 1481 elatus,
1255 1415 1372 1492 quum
1398 1393 1451 1466 de

319 1507 477 1584 Caesare
495 1533 559 1599 ea,
573 1533 669 1606 quae
687 1509 864 1607 optabat,
883 1513 1072 1610 speraret,
1086 1509 1253 1582 Pontum
1272 1511 1453 1584 omnibus

321 1627 438 1727 copiis
463 1627 687 1724 occupavit:
715 1625 863 1722 ibique,
880 1631 920 1699 et
938 1623 1082 1714 victor,
1099 1633 1138 1700 et
1165 1625 1451 1702 crudelissimus

320 1739 424 1830 Rex,
443 1763 560 1838 quum
579 1739 649 1814 sibi
666 1738 860 1812 fortunam
888 1746 1085 1840 paternam
1112 1739 1278 1814 feliciore
1305 1748 1452 1816 eventu

322 1853 548 1944 destinaret,
574 1851 696 1928 multa
723 1853 860 1952 oppida
895 1853 1151 1956 expugnavit,
1174 1853 1274 1928 bona
1302 1855 1450 1929 civium

320 1973 583 2096 Romanqrum
608 1971 928 2068 Ponticorumque
956 1969 1130 2068 diripuit,
1152 1969 1335 2070 subplicia
1353 1994 1452 2044 con-

312 2089 445 2164 stitnit
465 2089 503 2162 in
523 2107 608 2178 eos,
626 2089 690 2186 qui
709 2086 874 2184 aliquam
899 2087 1042 2158 formae
1062 2091 1174 2183 atque
1193 2087 1325 2162 aetatis
1343 2110 1453 2160 corn-

320 2207 602 2282 mendationem
634 2205 845 2296 habebant,
864 2228 928 2294 ea,
951 2225 1047 2300 quae
1066 2210 1187 2278 morte
1216 2211 1342 2280 essent
1373 2207 1453 2278 mi·-

321 2322 485 2420 seriora3
530 2302 770 2419 Pontumque
810 2317 913 2392 nullo
958 2315 1210 2410 defendente,
1249 2324 1452 2420 paternum

320 2436 495 2536 Regnum
515 2461 554 2510 se
571 2437 752 2537 recepisse
779 2431 1193 2536 glorians,-obtinebat.
1261 2493 1264 2500 ,

374 2554 435 2638 42.
463 2549 541 2624 Sub
560 2549 660 2623 idem
686 2557 836 2650 tempus
855 2550 894 2622 in
911 2547 1063 2644 Illyrico
1079 2553 1137 2622 est
1162 2547 1448 2622 incommodum

322 2673 546 2766 acceptum,
570 2691 666 2762 quae
685 2667 878 2764 provincia
904 2665 1157 2762 superioribus
1184 2667 1372 2739 mensibus
1389 2691 1450 2740 re-

321 2787 430 2855 tenta
465 2805 540 2854 non
573 2777 724 2854 tant'um
755 2782 833 2854 sine
864 2781 1089 2879 ignominia,
1121 2779 1328 2854 sedetiam
1358 2803 1449 2852 curn

324 2896 436 2972 laude
449 2904 547 2970 erat.
573 2899 745 2993 Namque
764 2921 807 2969 eo
822 2898 956 2970 missus
969 2904 1113 2972 aestate
1128 2919 1217 2975 cum
1232 2897 1376 2998 duabus
1390 2897 1448 2970 le·

324 3014 497 3112 gionibus
521 3013 567 3110 Q.
583 3013 824 3102 Cornificius,
847 3013 1013 3088 Caesaris
1039 3016 1226 3107 Quaestor
1248 3037 1316 3114 pro
1338 3015 1449 3088 Prae-

324 3139 428 3222 tore,
447 3155 677 3231 quamquam
704 3137 785 3204 erat
811 3132 1006 3230 provincia
1040 3131 1195 3204 minime
1215 3135 1373 3231 ‘copiosa
1399 3131 1449 3206 ad

317 3234 525 3322 'exercitus'
539 3247 689 3321 alendos
712 3253 751 3319 et
768 3246 941 3319 linitumo
967 3245 1065 3318 bello
1083 3271 1128 3320 ac
1158 3245 1448 3322 dissensionibus

325 3371 474 3439 vastata
501 3373 541 3440 et
566 3363 759 3454 confecta,
785 3367 914 3436 tamen
949 3362 1147 3460 prudentia
1173 3389 1217 3437 ac
1253 3353 1450 3465 diligentia

325 3503 416 3568 sua,
448 3478 550 3576 quod
578 3503 756 3577 magnam
789 3501 919 3552 curam
947 3479 1193 3576 suscipiebat,
1211 3503 1257 3552 ne
1285 3503 1359 3577 quo
1391 3485 1448 3552 te·

323 3619 427 3668 mere
445 3594 753 3694 progrederetur,
778 3601 818 3668 et
836 3583 979 3696 recepit
997 3592 1036 3670 e't
1056 3595 1233 3678 defendit.
1258 3599 1452 3696 Namque,

326 3715 366 3784 et
392 3705 547 3783 castella
567 3709 762 3808 complura
777 3764 788 3801 ,
803 3709 896 3784 locis
914 3711 1023 3786 editis
1042 3711 1183 3810 posita,
1201 3735 1362 3810 quorum
1381 3713 1449 3789 ob·

324 3954 475 4078 Mselin'ure
486 3967 583 4022 eventu.
599 3951 670 4008 Ram
687 3961 762 4026 pater
779 3955 851 4014 eius,
954 3961 1189 4008 mortemiseriora.
1200 3955 1309 4010 Iuvenes
1320 3962 1448 4013 exsecuit.

282 4029 285 4040 ’
356 4043 365 4075 r
398 4023 518 4103 ‘idlmst
548 4041 638 4078 cassus
658 4023 759 4104 fuerat.
788 4022 851 4075 Vid.
920 4024 1038 4144 Appiam
1062 4023 1129 4077 ibid.
1153 4023 1214 4104 yid.
1232 4025 1302 4103 iufra
1325 4043 1387 4104 cap..
1404 4043 1449 4106 po.

325 4088 396 4144 locos
422 4091 516 4144 D1oms
540 4099 567 4146 at
592 4093 712 4163 Appiam
737 4089 771 4156 ad
795 4109 851 4161 cap.
919 4093 949 4144 M
979 4093 1449 4164 tosqnoquemterfeut.D101b1d.

324 4155 367 4222 34.
395 4158 536 4212 indicatos.
562 4159 607 4212 M.
635 4157 713 4214 Adde
743 4157 852 4212 Florum
919 4159 958 4210 M.

326 4223 426 4344 3’laclia
449 4322 481 4333 -
502 4293 617 4364 diripuit.
640 4293 696 4348 Hoc
718 4295 852 4348 Amisenis
954 4294 1088 4346 obtinebat.
1106 4294 1215 4350 Redibit
1231 4296 1344 4366 scriptor
1356 4295 1388 4350 ad
1404 4315 1448 4352 res

324 4357 354 4410 iu
371 4357 456 4412 Ponto
468 4359 572 4417 accidit.
589 4363 708 4432 Appian.
725 4361 755 4414 C.
776 4379 852 4432 ²29¹·
920 4369 1012 4414 contra
1028 4361 1187 4420 Pharnacem
1199 4371 1282 4433 gestas
1299 4383 1322 4418 c.
1334 4367 1374 4416 65.
1387 4381 1448 4436 sqq.

256 4487 258 4496 ,
326 4429 431 4494 1¹·le
448 4427 501 4483 Dis
518 4428 661 4497 Cass-42,
678 4431 719 4495 46.
736 4429 779 4482 Μ.
919 4429 964 4498 Μ.
1436 4451 1441 4458 ,
