3024 5326
424 334 435 375 ·’
489 358 768 428 ririnrrrrrs.

99 565 252 632 cuneisque
263 564 410 632 coniungere
421 574 512 615 turres.
524 563 600 618 Alibi

98 645 140 692 7,
170 647 212 680 22.
235 647 334 680 murum
351 631 461 682 turribus
477 633 598 683 contulu-

99 697 186 754 lore,
202 696 306 748 ridetur
322 695 476 764 significare,
494 717 598 750 murum

101 763 229 815 turribus
246 761 418 815 contabulatis
436 765 546 832 cingere.

63 830 221 898 Contegere
241 831 349 896 scaphas
369 831 476 882 cratibus
496 843 520 881 et
538 832 599 900 plu-

100 901 156 946 teis
183 896 214 948 C·
236 897 272 960 3,
295 911 336 958 24.
353 911 481 966 contegere
503 917 596 956 naver,

75 971 79 982 ¹
99 982 164 1032 qno
181 963 292 1016 consilio
308 961 374 1025 liat,
391 965 503 1018 traditur
520 963 550 1015 C.
566 981 596 1026 2,

101 1044 129 1094 4.
154 1031 194 1082 cl.
217 1043 295 1082 tectus
319 1043 448 1100 contegere
467 1049 543 1084 orma
566 1031 596 1084 C.

101 1114 143 1160 2,
169 1107 207 1160 ι4.
225 1098 257 1148 cl'.
275 1097 303 1148 Β.
321 1097 455 1158 G.2,21

63 1163 214 1215 Contenoo
230 1169 267 1214 ire
284 1169 311 1216 in
326 1165 408 1214 Iocum
428 1181 437 1214 t
454 1203 461 1224 ,
480 1163 520 1214 23.
537 1183 597 1214 con·

100 1233 187 1282 tendo
217 1231 325 1300 aliquid,
355 1227 454 1283 efficere
480 1231 540 1286 rolo
561 1243 596 1297 4,

64 1314 227 1416 coiissent
243 1365 310 1416 Deos
328 1376 357 1429 4,
376 1371 406 1416 25

64 1431 221 1482 Corttexere
239 1437 308 1509 tigno
326 1443 361 1494 4,
384 1447 411 1493 17

63 1497 263 1556 continenter,
280 1517 337 1558 sine
353 1497 547 1550 intermissione
567 1515 577 1546 r
585 1525 613 1558 ,-

100 1571 147 1616 26.
168 1567 235 1626 3,5
266 1573 268 1575 ’

64 1633 225 1684 contineris.
256 1631 294 1682 ita
312 1630 467 1700 simpliciter
483 1630 596 1700 edpellat

98 1699 205 1752 Caesar
213 1698 340 1758 Galliam,
354 1717 413 1750 curn
425 1701 451 1750 in
463 1697 596 1750 Britannia

98 1775 165 1827 est,
183 1784 292 1836 eamque
309 1764 457 1818 Britanniae
474 1764 596 1833 obponit.

99 1833 159 1886 vid.
172 1829 209 1884 ad
224 1844 248 1898 4.
267 1836 300 1887 38
316 1841 343 1884 et
361 1837 390 1890 5,
409 1848 449 1884 20.
466 1836 596 1884 comunes

96 1905 225 1970 inpetus,
247 1901 388 1952 continuus
409 1915 444 1962 7,
466 1898 498 1952 38
516 1901 595 1948 eonti-

99 1980 195 2018 nentes
212 1966 308 2029 silvae,
326 1967 480 2026 continuae,
500 1973 594 2018 tinctus

99 2034 232 2087 silvarum
249 2033 282 2092 3,
304 2040 345 2087 28·
363 2033 401 2086 sic
417 2042 445 2084 et
465 2036 594 2094 eontinen-

99 2114 143 2152 tes
154 2101 263 2170 paludes
275 2103 300 2161 6,
316 2099 357 2151 3ι.
369 2081 498 2151 eontiniens
535 2116 594 2148 am·

99 2187 161 2229 ma,
180 2187 244 2239 quae
261 2185 316 2220 non
333 2167 487 2216 intermittit
526 2204 534 2228 ,
555 2169 592 2215 15.

99 2237 179 2288 collis
199 2239 326 2286 continent
347 2237 418 2301 ripen
439 2232 469 2284 C.
494 2253 529 2298 r,
552 2237 591 2295 54.

100 2304 172 2354 citra
202 2319 308 2354 ornnem
337 2299 530 2353 dubitationem
557 2299 593 2350 si-

102 2369 236 2436 gnificat,
262 2367 401 2422 cohaerens
429 2385 487 2436 cusp
515 2363 590 2434 ripa,

95 2437 213 2506 ideoque
230 2437 383 2503 contiguus,
401 2434 511 2485 vicinos.
528 2449 589 2487 con·

96 2508 210 2620 Ξὶηεητεε
220 2506 289 2569 dies,
309 2503 458 2570 frequentes
466 2499 590 2568 deinceps

122 2608 130 2628 t
150 2573 183 2634 34
521 2627 526 2634 ,

62 2637 227 2697 Continere,
246 2640 361 2696 co'e'rcere
378 2637 408 2696 8,
433 2652 457 2686 2.
475 2635 515 2697 46.
531 2651 589 2684 oon-

96 2709 197 2760 tineri,
219 2702 320 2755 includi
342 2723 373 2763 1,
398 2721 421 2756 2.
439 2700 469 2752 C.
489 2717 523 2761 2,
547 2699 587 2751 23.

97 2771 195 2821 Gallia
230 2774 372 2820 continetur
394 2771 507 2838 flumine
541 2767 586 2816 Oc.

96 2838 192 2906 Belga,
221 2835 249 2887 hi
274 2844 338 2888 sunt
363 2835 490 2899 termini,
518 2834 587 2884 intra

119 2923 167 2967 uos
180 2913 233 2964 est,
250 2903 344 2974 quibus
356 2901 501 2954 includitur
520 2917 546 2959 1,
565 2917 586 2951 r.

96 2922 180 3023 l'tcm
191 2975 332 3022 continetur
343 2968 513 3034 (includitur,
531 2968 586 3018 cin-

95 3041 186 3106 gitur)
203 3039 326 3090 montibur
344 3037 375 3099 3,
397 3053 417 3084 r.
436 3037 516 3086 Mare
528 3051 586 3084 con·

96 3109 196 3160 tinetur
220 3106 362 3162 montibus,
393 3111 494 3154 montes
522 3107 585 3152 sunt

95 3171 131 3224 nd
143 3189 216 3225 mare
229 3171 391 3232 circumcirca
405 3179 435 3234 4,
455 3167 494 3220 23.
512 3168 584 3218 Pons

94 3245 208 3290 continet
232 3239 368 3310 oppidum,
398 3237 481 3304 tangit
505 3237 585 3304 oppi·

95 3307 183 3364 dom,
221 3308 245 3357 ei
272 3306 374 3358 ricinus
402 3313 442 3354 est
470 3318 506 3365 7,
545 3319 584 3351 11.

8 3415 11 3422 .
97 3374 196 3424 Maluit
221 3382 306 3424 tarncn
331 3370 535 3437 llurlendorpius
557 3367 583 3418 h.

95 3439 113 3491 l.
131 3442 302 3509 irontr'ugebot,
318 3449 345 3492 et
362 3435 533 3501 Ruhnkenius
550 3433 584 3488 ad

95 3507 283 3559 Vell.Paterc.‘
306 3543 312 3556 .
329 3523 357 3558 12
368 3507 391 3557 si
409 3503 585 3556 nilicotionem

95 3574 203 3626 Latinis
220 3525 365 3626 inauditam
381 3523 467 3636 ilicis,
485 3571 507 3622 si
524 3569 583 3638 quis

95 3645 226 3695 continere
236 3643 421 3710 interpretetur
432 3641 583 3704 contingere·

95 3709 178 3760 Mons
195 3712 305 3764 eontinet
322 3711 443 3776 spatium,
460 3710 583 3777 occupat,
600 3709 603 3715 “

96 3777 125 3828 in
139 3793 169 3826 eo
183 3783 223 3825 est
238 3792 266 3833 ι,
279 3773 320 3828 38.
338 3775 427 3844 Agger
437 3789 488 3822 non
497 3781 583 3836 potest

94 3845 221 3895 contineri
248 3842 342 3892 altiore
370 3859 457 3908 aque,
492 3836 582 3900 durare

96 3927 152 3960 non
171 3917 270 3978 potest,
291 3927 350 3959 eum
368 3906 446 3958 altior
461 3921 528 3974 aqua
542 3909 583 3956 est

96 3975 127 4030 C.
150 3993 179 4036 r,
197 3981 240 4030 25.
257 3975 303 4028 sed
321 3975 371 4026 vid.
391 3981 474 4024 rioms.
527 3987 530 3997 ¹

66 4041 230 4093 tauriniano
246 4043 362 4095 urrtrtum
379 4041 415 4102 3,
434 4056 465 4106 29

14 4165 15 4172 ¹
66 4108 166 4160 Contra
182 4121 276 4177 etque,
294 4128 368 4165 secus
384 4128 414 4160 ac
432 4116 466 4170 4,
483 4104 531 4172 ι43.
549 4103 580 4158 Ο.

97 4175 134 4236 3,
162 4195 198 4228 12.
208 4174 310 4228 ‘contro
319 4215 327 4238 ‚
348 4196 363 4227 e
385 4175 493 4244 regione
504 4177 533 4234 3,
558 4189 581 4239 9.

97 4257 136 4306 7,
154 4245 195 4298 62.
218 4255 307 4294 contra
331 4243 428 4294 bostem
446 4243 581 4292 consistere

97 4325 136 4368 2,
172 4325 210 4372 ¹7·
230 4323 327 4428 portas
354 4322 443 4374 contra
470 4307 581 4375 aliquem

96 4375 214 4432 claudere
257 4413 262 4427 .
285 4393 316 4442 27

1084 345 1191 466 291‘

638 611 642 618 .
667 565 827 630 connubere
842 579 943 630 eastre,
960 569 1042 624 lacere
1058 581 1179 642 angust&

699 635 808 684 minoris
825 633 940 688 ambitus
959 643 994 698 5,
1018 647 1058 704 49.
1087 653 1122 702 7,
1140 649 1182 705 4ο.

699 700 733 752 cs.
751 713 871 769 angustus
1144 715 1157 727 '²

665 766 807 884 cofitruria
834 767 910 819 alicui
935 772 1021 820 civitas
1033 808 1041 830 ,
1077 771 1181 826 hostilis

723 871 729 884 .
752 851 763 882 1

665 897 815 952 Contributa
825 905 913 952 civiter
928 919 983 954 eim
999 903 1053 954 alia
1069 907 1183 966 civitate,

698 969 723 1018 ei
745 965 896 1028 adtributa,
915 987 974 1020 cum
994 989 1021 1021 ea
1042 972 1182 1024 coniuncta

697 1034 750 1092 sic,
767 1043 798 1086 nt
814 1034 847 1084 ab
865 1054 909 1092 ea,
927 1045 956 1086 ut
973 1038 1090 1098 maiore,
1114 1055 1180 1106 pen-

697 1099 757 1216 geat
786 1102 1046 1172 (dmugesdrlagen)
1071 1102 1113 1163 ¹C.
1146 1122 1176 1166 1,

712 1183 729 1215 o

663 1233 858 1284 contubernium
870 1213 905 1284 ¹C.
922 1240 954 1295 3,
972 1237 1003 1298 76

664 1299 843 1360 Contumelia,
873 1319 954 1369 quam
982 1301 1054 1354 navis
1082 1304 1179 1372 perfert

696 1366 728 1426 3,
755 1363 791 1416 ι3.
818 1368 834 1416 i.
858 1385 880 1418 e.
905 1369 966 1428 vis,
990 1387 1069 1437 quam
1098 1371 1180 1420 infert

696 1441 850 1501 tempestas,
868 1433 1005 1503 scopulus,
1023 1435 1114 1488 bostis.
1137 1439 1180 1489 si-

695 1497 793 1552 militer
819 1500 915 1552 dicitur
937 1503 1033 1554 iniuria
1057 1521 1078 1553 s.
1103 1503 1180 1557 incle-

696 1569 794 1618 mentia
813 1571 985 1636 tempestatis.

664 1631 853 1692 convalescere,
867 1637 931 1685 vires
945 1653 1050 1704 capere,
1061 1635 1092 1688 de
1104 1635 1179 1690 hoste

697 1699 835 1751 debilitato
855 1703 898 1752 Af.
918 1707 947 1752 25
1128 1714 1129 1722 ¹

666 1767 816 1828 Convenae,
841 1767 961 1820 colluvies
986 1767 1123 1820 bominum
1144 1771 1178 1822 A.

696 1845 736 1912 24.
754 1840 877 1902 ei‘suluels.

664 1900 806 1952 Conventus
829 1907 881 1965 (r,
902 1907 940 1966 54.
961 1907 990 1960 5,
1011 1919 1032 1952 t.
1050 1909 1077 1953 et
1093 1901 1195 1966 alibi).

695 1977 755 2020 sunt
767 1977 911 2020 conventus
925 1971 1061 2021 hominum
1076 1971 1179 2038 provin·

693 2034 801 2086 cialium
819 2036 847 2084 in
865 2044 945 2088 certas
964 2035 1053 2092 urbes,
1067 2054 1130 2103 quae
1148 2046 1177 2088 et

693 2101 765 2169 ipsae
776 2115 908 2152 conventus
920 2102 1046 2152 dicuntur
1063 2107 1107 2166 (8,
1126 2106 1186 2165 46)-

692 2177 719 2217 et
732 2187 745 2217 e
759 2169 889 2236 primariis
902 2169 1046 2236 provinciae
1065 2167 1175 2222 urbibus

692 2243 771 2293 sunt,
788 2242 817 2284 ut
833 2251 919 2285 corum
937 2232 1107 2293 Proconsule,
1129 2253 1175 2302 per

686 2302 854 2370 ,provinciam
876 2299 1064 2354 iurisdictionis
1088 2320 1173 2353 caussa

691 2371 742 2418 iter
758 2368 880 2428 iaciente,
892 2375 918 2416 et
930 2368 1046 2418 incertis
1064 2365 1116 2418 illis
1134 2386 1173 2421 ur·

689 2433 768 2486 bibus
786 2436 826 2485 ins
843 2433 958 2494 dicente,
983 2435 1011 2483 in
1029 2435 1085 2484 loro
1102 2451 1170 2484 corn·

709 2510 804 2552 areant.
819 2505 885 2550 tenir
901 2501 938 2552 les
955 2505 1059 2556 assises,
1075 2517 1172 2550 ossem-

688 2519 743 2618 ller
754 2569 790 2618 les
802 2569 875 2617 itate.
902 2565 991 2635 Quum
1008 2575 1097 2616 entem
1114 2584 1170 2620 non

688 2633 787 2703 oppida
804 2633 926 2686 dicuntur
942 2641 1100 2696 conventos,
1120 2631 1170 2686 sed

688 2714 820 2752 conventus
832 2701 981 2769 oppulorum
997 2717 1170 2766 quorumcum-

705 2786 735 2817 ue
743 2767 948 2832 provincialium,
960 2775 1017 2817 tum
1029 2774 1089 2818 sunt
1100 2768 1169 2818 cives

687 2787 812 2896 lumini,
835 2835 894 2902 qui,
919 2841 1017 2902 praeter
1033 2833 1169 2900 indigenas

687 2921 707 2952 s.
731 2901 892 2971 inquilinos,
917 2899 1004 2970 aliqua
1027 2899 1058 2950 de
1081 2917 1169 2954 caussa

686 2970 715 3020 in
732 2969 862 3038 oppidum
879 2975 1069 3026 convenerunt,
1087 2977 1116 3017 ut
1128 2965 1167 3019 ibi

686 3034 814 3093 habitent,
823 3037 996 3112 negotientur,
1006 3033 1043 3084 ibi
1064 3052 1167 3085 necom-
1242 3059 1245 3068 ν

685 3111 826 3153 morentur.
840 3101 883 3154 Sic
894 3114 1027 3152 conventus
1067 3103 1168 3149 ticensis

685 3171 731 3220 As.
748 3172 788 3220 68.
806 3169 836 3219 C.
861 3184 888 3228 2,
914 3186 950 3234 19·
970 3168 998 3216 it.
1019 3166 1064 3218 Al.
1083 3182 1114 3230 97
1138 3175 1166 3218 et

686 3253 726 3302 9ο.
740 3234 785 3286 ubi
801 3233 900 3286 incolae
917 3233 1054 3285 Uticenses
1070 3231 1167 3283 distin·

685 3311 802 3366 gauntur
818 3320 833 3351 a
852 3299 976 3350 Romanis
995 3299 1165 3365 negotiatori·
1199 3326 1211 3336 -

684 3366 740 3420 bus.
759 3368 900 3418 Conventus
916 3377 1006 3428 portas
1022 3365 1115 3415 etune
1132 3364 1164 3416 C.

685 3451 714 3493 2,
743 3434 868 3500 19.cf.c.
892 3447 937 3491 21,
961 3429 1096 3482 ubi'=cires
1113 3431 1164 3481 Ro·

684 3502 755 3551 mnni
773 3498 821 3550 hoc
838 3499 925 3550 secisse
936 3497 1063 3549 dicuntur.
1087 3495 1163 3550 Simi-

683 3565 742 3618 liter
765 3582 792 3628 7,
816 3569 855 3616 55.
873 3565 903 3617 C·
925 3585 952 3623 r,
974 3574 1010 3626 ι4.
1028 3560 1057 3622 3,
1080 3582 1103 3630 9.
1121 3579 1163 3615 21.
1199 3562 1202 3569 ’

684 3651 723 3702 29.
742 3631 781 3684 32.
803 3642 842 3696 4ο.
865 3634 898 3684 Α.
917 3638 956 3694 57.
975 3633 1014 3681 58.
1036 3628 1078 3681 Cf.
1099 3629 1163 3683 Gro-

683 3719 742 3754 nov.
760 3697 868 3751 Observ.
886 3698 920 3758 3,
939 3713 970 3747 22

649 3771 802 3826 Convertere
825 3770 894 3826 iter,
918 3763 1040 3816 aliorsum
1063 3762 1100 3814 iro
1129 3780 1162 3824 r,
1248 3819 1252 3828 ,

683 3835 722 3888 23.
739 3835 808 3886 Hinc
819 3845 962 3884 convertere
978 3834 1071 3898 signa,
1089 3827 1162 3881 alior-

680 3919 738 3956 sum
761 3903 825 3954 lerre
846 3903 938 3960 i,-25.
956 3906 983 3948 et
1004 3901 1076 3964 εἰςηα
1099 3913 1163 3945 eon-

681 3987 753 4022 versa
774 3972 801 4018 in
825 3966 909 4022 hostes
934 3966 1029 4032 inserte
1057 3977 1092 4022 2,
1120 3964 1162 4017 26.

679 4030 812 4086 conversus
849 4033 885 4084 ud
918 4031 1031 4090 hostem,
1071 4046 1161 4081 versos

680 4101 783 4155 bostem
804 4105 841 4158 3,
865 4117 904 4166 29·
929 4113 1050 4148 conversa
1071 4113 1160 4154 neem,

680 4178 780 4221 mutata
804 4188 830 4228 ι,
853 4176 892 4230 41.
914 4175 1057 4218 convertere
1075 4174 1161 4214 cestro

678 4241 770 4286 eastris
787 4233 817 4286 C.
839 4251 870 4294 1,
888 4235 917 4284 81
998 4263 1004 4275 -
1131 4281 1133 4286 ,

648 4304 809 4360 Conuiuium,
825 4299 949 4352 clamores
965 4295 995 4348 C.
1016 4313 1050 4356 r,
1070 4312 1094 4348 ι.

647 4370 797 4423 Convincere
808 4405 818 4432 ,
851 4368 963 4432 avaritie
989 4366 1152 4422 conaretur,
