2998 5320
325 355 420 426 ara
534 381 553 448 ¹.
600 383 607 398 ·
742 359 1011 424 onlouuum.
1488 448 1489 490 ,

373 571 446 646 sed
472 569 562 643 heus
588 573 650 658 tu,
684 567 795 644 celari
828 566 999 642 videora
1023 573 1083 654 te,
1102 565 1297 666 ¹quomodo
1318 592 1433 658 narn,
1488 553 1489 604 ³

319 692 373 766 mi
392 689 523 776 frater,
549 685 594 760 de
612 685 747 758 nostris
765 671 931 758 versibus
949 681 1107 759 caesar?
1149 684 1245 758 Nam
1264 686 1432 782 primum

320 806 455 884 librum
474 829 512 877 se
530 802 657 902 legisse
675 799 820 897 scripsit
837 798 884 872 ad
907 823 970 872 me
996 804 1102 872 anter
1129 805 1167 872 et
1184 802 1323 900 prima,
1351 805 1433 891 sic',

321 927 366 990 ut
383 923 493 1018 neget
510 941 547 987 se
567 939 612 986 ne
631 913 774 986 Graeca
792 911 941 1010 quidem
959 910 1113 986 meliora
1131 911 1272 1014 legisse.
1323 915 1434 988 Reli-
1489 937 1490 1012 ᾗ

321 1059 396 1132 qua
414 1031 459 1108 ad
478 1029 675 1129 quemdam
702 1028 825 1102 locum
846 1023 1063 1114 ῥοῶνμώτερη
1091 1026 1161 1100 hoc
1189 1030 1286 1107 enirn
1305 1034 1435 1108 utitur

321 1150 437 1224 verbo
463 1155 535 1222 etc.
585 1145 647 1217 Ex
672 1145 748 1218 Cic.
772 1143 1017 1244 udQur'ntum
1034 1143 1093 1234 [ν.
1120 1171 1161 1238 2,
1188 1147 1246 1222 16.
1488 1182 1491 1302 p

372 1357 432 1433 Ex
454 1349 647 1429 B‘ritannia
672 1355 806 1428 Caesar
832 1351 877 1425 ad
897 1377 956 1424 me
975 1351 1057 1428 Kal.
1079 1355 1181 1454 Sept.
1208 1355 1311 1442 dedit
1328 1353 1433 1430 litte-
1489 1335 1491 1412 Ῐ

322 1499 401 1562 ras,
428 1495 519 1568 quas
545 1493 612 1568 ego
638 1469 763 1564 accepi
798 1467 843 1540 A.
877 1469 924 1541 D.
959 1469 1021 1570 IV.
1056 1465 1135 1548 Kal.
1167 1469 1304 1542 Octob.
1337 1473 1434 1545 satis
1491 1548 1492 1590 ,

196 1611 201 1636 ⁸
324 1582 537 1659 commodas
558 1583 601 1652 de
620 1581 842 1654 Britannicis
861 1582 989 1654 rebus:
1018 1582 1168 1678 quibus,
1188 1608 1231 1654 ne
1249 1583 1432 1677 admirer,

323 1701 463 1800 quoda
483 1708 520 1776 te
540 1697 658 1777 nullas
674 1699 900 1794 acceperim,
926 1696 1071 1786 scribit,
1090 1699 1221 1770 sosine
1240 1698 1431 1794 te't'uisse,

266 1891 270 1902 ,
324 1839 413 1891 cum
438 1811 485 1884 ad
511 1837 612 1888 mare
639 1814 854 1902 accesserit,
881 1817 953 1888 etc.
1004 1811 1065 1882 Ex
1090 1813 1164 1888 Cic.
1187 1815 1237 1889 od
1251 1815 1430 1922 Quintum

217 2009 221 2016 ,
316 1931 430 2027 fratr.
459 1931 501 2020 3,
532 1955 563 2004 ι.

376 2148 500 2241 Quum
519 2143 614 2216 banc
631 2143 705 2214 iarn
724 2139 916 2240 epistolam
936 2139 1217 2237 complicarem,
1242 2141 1429 2223 tabellarii

324 2289 345 2338 a
365 2261 469 2334 vobis
488 2265 669 2331 venerunt
695 2252 746 2333 Αἰ
767 2257 811 2332 D.
836 2257 900 2330 Xl.
925 2253 1007 2334 Kal.
1033 2256 1333 2352 Sept-vicesimo
1353 2261 1428 2344 die.
1493 2282 1494 2358 ξ

308 2355 359 2454 '0
394 2402 454 2454 ine
480 2374 698 2450 sollicitum!
739 2377 920 2467 quantum
954 2395 1022 2470 ego
1055 2369 1154 2449 dolui
1188 2373 1226 2444 in
1258 2377 1428 2453 Caesaris
1493 2363 1494 2366 ¹

324 2491 548 2568 suavissimis
586 2488 736 2564 litteris!
780 2487 843 2560 sed
878 2511 953 2584 quo
987 2492 1093 2558 erant.
1127 2489 1334 2574 suaviores,
1376 2517 1427 2566 eo
1462 2572 1468 2588 ‚

324 2607 503 2680 maiorem
537 2602 699 2676 dolorem
724 2601 831 2676 'illius
864 2601 924 2675 ille
957 2623 1063 2676 casus
1098 2599 1301 2681 adferebat,
1360 2606 1428 2686 Ess-

325 2723 399 2798 Cio.
424 2724 474 2799 ad
497 2721 667 2822 Quintum
676 2720 740 2814 sr
767 2721 811 2808 3,
842 2745 881 2809 r,
908 2719 945 2796 5.

435 3011 497 3124 'EX
515 3059 730 3126 EPISTOLIS
751 3059 814 3146 An,
827 3060 861 3120 C.
881 3059 1043 3124 OPPIVM
1063 3059 1117 3120 ET
1137 3059 1307 3130 BALBVM

452 3179 455 3188 ’
743 3153 999 3220 CORNELIVM.

592 3371 728 3432 CAESAR
744 3371 849 3433 OPPIO
866 3371 913 3426 ET
931 3367 1107 3425 CORNELIO.
1123 3370 1151 3427 S.

371 3533 524 3608 Gaudeo
551 3533 758 3607 mehercule
786 3558 853 3608 vos
879 3533 1082 3634 significare
1115 3531 1273 3622 litteris,
1303 3559 1420 3632 quam

255 3725 256 3729 ,
320 3649 427 3724 valde
445 3650 607 3750 probetis
633 3673 694 3739 ea,
721 3673 815 3750 quae
835 3649 932 3749 apud
966 3649 1168 3727 Corfinium
1187 3655 1276 3722 sunt
1301 3659 1418 3749 gesta.
1487 3736 1490 3745 Ι

320 3764 479 3837 Consilio
499 3769 620 3837 vestro
640 3768 724 3834 utar
741 3761 918 3850 libenter,
944 3770 982 3836 et
1008 3764 1078 3835 boc
1096 3761 1293 3852 libentius,
1317 3766 1419 3861 quod

318 3903 378 3950 me
396 3883 525 3974 sponte
544 3875 665 3949 facere
684 3878 970 3962 constitueram,
999 3884 1040 3950 ut
1057 3901 1170 3974 quam
1188 3876 1417 3982 lenissimum

319 4017 378 4066 me
406 3994 638 4090 praeberem,
673 3998 711 4065 et
736 3993 976 4091 Pompeium,
1008 3993 1133 4066 darem
1170 3975 1349 4092 operam‘,
1375 4003 1419 4068 ut

318 4111 606 4184 reconciliarem.
625 4111 826 4186 Terrtemus
844 4109 914 4181 boc
932 4109 1063 4195 modo,
1081 4112 1109 4182 si
1128 4093 1321 4208 possumus
1338 4137 1419 4184 om·

319 4227 421 4297 nium
441 4225 649 4299 voluntates
674 4251 891 4323 recuperare
910 4233 947 4298 et
964 4225 1139 4305 diuturna
1160 4229 1316 4302 victoria
1342 4231 1415 4304 uti:

318 4343 492 4436 qnoniam
518 4340 644 4440 reliqui
673 4341 914 4416 diuturnitate
932 4342 1058 4420 odium
1077 4341 1238 4446 effugere
1257 4367 1330 4425 uon
1350 4367 1416 4444 po·
