3044 5316
427 413 509 477 ms.
545 415 639 478 cnr.
675 419 752 516 29.
790 387 866 480 3ο.
1151 377 1205 478 31

84 613 197 720 ttegis
216 618 418 719 pertendit.
436 621 540 695 Haec
560 645 698 726 quum,
713 629 753 699 et
767 647 878 724 opere
892 645 1030 727 magno
1051 621 1212 704 vallata,

10 754 11 788 ¹
83 745 121 810 et
148 737 225 809 loci
254 742 390 809 natura
416 739 563 810 munita
590 737 827 831 adverteret,
845 739 1133 836 confertamque
1156 761 1215 808 ar·

80 861 278 927 matorum
303 853 584 926 multitudinem
605 854 845 931 conlocatam
867 859 904 930 in
929 855 1028 930 vallo
1045 855 1212 940 videret.

80 970 201 1046 lassos
237 973 371 1045 itinere
397 997 441 1042 ac
469 969 686 1070 proeliando
722 972 859 1048 milites
886 973 932 1046 acl
960 972 1214 1074 obpugnanda

80 1093 210 1159 castra
236 1083 438 1158 succedere
466 1083 597 1159 noluit.
643 1089 794 1186 ltaque,
822 1113 896 1162 non
924 1113 1064 1188 magno
1091 1091 1214 1161 inter-

79 1207 185 1280 vallo
214 1203 346 1281 relicto
374 1205 420 1279 ab
449 1205 577 1296 hoste,
612 1213 744 1308 castra
763 1208 902 1307 posuit.
968 1207 1124 1282 Postero
1151 1203 1213 1278 die

79 1317 308 1411 castellum,
336 1320 437 1419 quod
463 1323 548 1394 Rex
573 1321 612 1393 in
639 1323 811 1420 proximo
839 1323 925 1412 yico
953 1345 1027 1396 non
1056 1322 1165 1420 longe
1189 1344 1214 1396 a

79 1441 158 1512 suis
186 1441 320 1514 castris
340 1435 557 1512 muniverat
575 1437 810 1538 brachiisque
829 1465 917 1514 cum
937 1461 1048 1540 opere
1071 1447 1214 1514 castro·

78 1574 168 1626 rum
188 1555 456 1643 coniunxerat,
484 1554 559 1626 vici
586 1553 778 1628 obtinendi
797 1577 949 1640 caussa,
977 1551 1115 1628 Caesar
1140 1553 1213 1642 ad-

78 1695 232 1772 gressus
265 1667 441 1744 omnibus
466 1671 582 1769 copiis
616 1675 835 1770 expugnat,
863 1693 938 1744 non
965 1693 1041 1770 quo
1067 1671 1107 1744 id
1134 1673 1216 1744 mi·

9 1859 10 1862 ,
78 1793 165 1866 nori
185 1813 346 1864 numero
365 1785 528 1862 militum
550 1787 728 1883 consequi
747 1785 897 1861 difficile
912 1787 1018 1862 iactu
1037 1795 1212 1890 putaret3

80 1906 148 1979 sed
177 1913 224 1979 ut
251 1906 297 1977 ab
327 1873 370 1978 isa
396 1903 576 1992 victoria,
595 1903 806 2001 perterritis
823 1899 1102 1995 Alexandrinis,
1121 1929 1213 2004 pro-

80 2023 187 2096 tinus
211 2028 337 2093 castra
352 2013 466 2122 Regis
490 2019 740 2120 obpugnaret.
770 2020 903 2118 ltaque
922 2043 966 2094 eo
986 2041 1116 2109 cursu,
1136 2041 1213 2117 quo

81 2136 315 2234 refugientes
341 2132 614 2208 Alexandrinos
641 2159 687 2207 ex
714 2133 870 2208 castello
896 2134 934 2208 in
962 2141 1088 2208 castra
1124 2139 1216 2208 sunt
1295 2214 1299 2224 ,

82 2252 225 2327 milites
259 2251 445 2342 insecuti,
479 2250 752 2324 munitionibus
785 2254 1048 2323 successerunt
1074 2249 1215 2321 acerri-

81 2385 224 2466 meque
251 2363 396 2439 eminus
417 2364 595 2465 ‘proeliari
622 2371 843 2466 coeperunt.
885 2362 1042 2438 Duabus
1059 2385 1108 2435 ex
1130 2385 1216 2461 par·

80 2486 187 2558 tibus
224 2482 346 2556 aditus
380 2480 671 2582 obpugnationis
711 2479 849 2554 nostris
888 2473 1077 2564 dabatur3
1114 2501 1215 2570 una,

81 2615 202 2696 quam
221 2597 382 2676 liberum
400 2620 593 2670 accessum
613 2595 750 2670 babere
770 2595 1049 2680 demonstravi;
1072 2592 1212 2678 altera,

85 2739 186 2811 quae
220 2713 409 2786 mediocre
444 2709 688 2786 intervallum
723 2713 824 2786 inter
857 2716 982 2785 castra
1008 2715 1049 2784 et
1074 2708 1215 2782 flumen

7 2861 8 2900 r
83 2827 218 2902 Nilum
238 2828 416 2901 babebat.-
449 2829 619 2901 Maxima
641 2835 681 2902 et
703 2826 926 2902 electissima
945 2823 1216 2898 Alexandrino·

84 2969 173 3020 rum
201 2945 409 3022 multitudo
429 2944 655 3018 defendebat
681 2951 960 3045 campartem,
987 2967 1085 3041 quae
1111 2941 1217 3017 facil·

84 3059 222 3132 limum
250 3059 397 3134 aditum
422 3051 598 3133 babebat.
633 3057 855 3133 ‘Plurimum
882 3066 1011 3133 autem
1039 3057 1216 3160 proficie-

85 3177 182 3252 bant
207 3173 247 3250 in
272 3175 494 3278 repellendis
529 3177 843 3275 vulnerandisque
877 3178 1041 3268 nostris,
1069 3178 1133 3274 qui
1159 3203 1218 3250 re·

85 3293 201 3392 gione
224 3289 388 3365 fluminis
413 3291 488 3366 Nili
515 3293 825 3392 propugnabant;
844 3291 1000 3364 diversis
1019 3291 1119 3364 enirn
1134 3291 1219 3366 telis

85 3408 208 3478 nostri
227 3405 460 3508 figebantur,
482 3405 629 3480 adversi
648 3431 695 3480 ex
713 3407 813 3480 rallo
838 3413 1077 3496 castrorum,
1095 3409 1218 3480 aversi

87 3545 138 3593 ex
162 3519 341 3613 flumine,
368 3523 408 3595 in
435 3547 510 3622 quo
537 3523 681 3596 multae
708 3548 844 3613 naves,
870 3523 1080 3598 instructae
1097 3523 1220 3597 sundi-

85 3641 240 3714 toribus
265 3649 305 3714 et
331 3641 554 3742 sagittariis,
582 3647 732 3716 nostros
757 3641 1030 3742 inpugnabant.

122 3866 246 3922 brachiis.
267 3867 321 3922 rid.
348 3867 408 3922 Iud.
430 3870 469 3920 M.
495 3867 537 3921 Cl.
561 3868 621 3922 Liv.
721 3869 900 3941 proficiebant.
912 3868 996 3940 Vulgo
1007 3871 1116 3924 additur
1124 3869 1220 3932 borres:

81 3947 126 4002 n„
151 3955 177 4003 9.
195 3935 267 4006 Virg.
285 3938 352 3988 Aen.
371 3935 401 3995 3.
426 3935 483 3990 535.
500 3937 622 3990 Frontis.
710 3937 764 3990 uod
789 3947 879 3990 tamen
901 3941 983 3989 etium
1009 3937 1115 4010 quidam
1143 3939 1222 3990 codd.

86 4005 121 4064 3,
144 4018 199 4066 17,
218 4009 241 4054 5.
258 4004 355 4056 Lucan.
374 4001 411 4062 3,
428 4006 487 4070 387.
684 3955 799 4058 babent.
828 4007 867 4056 M.
901 4005 1033 4076 Frequens
1061 4015 1152 4058 nostro
1180 4014 1222 4058 est

122 4089 181 4121 non
206 4089 265 4139 quo.
291 4071 332 4123 lta
356 4071 414 4125 cod.
438 4073 555 4135 Patavii,
576 4073 622 4144 qui
690 4074 840 4154 synthesis,
859 4081 888 4122 ut
905 4073 940 4126 G.
958 4076 995 4134 6,
1022 4089 1059 4122 rr.
1074 4078 1222 4142 patirur-

87 4141 177 4191 instar
202 4139 333 4190 omnium.
356 4140 414 4194 Alii
437 4143 526 4212 quod,
550 4141 626 4212 quod-
686 4147 796 4213 jaciant.
825 4139 870 4191 Af.
889 4142 913 4189 6.
932 4140 1068 4191 moliendo
1086 4147 1171 4210 erupit
1188 4170 1222 4182 -

87 4205 217 4258 Clarkius
234 4208 342 4278 recepit·
691 4220 820 4276 occupant·
840 4207 879 4258 lta
890 4217 919 4258 et
935 4207 1015 4260 ovid.
1034 4209 1098 4260 Met.
1117 4211 1223 4273 5,(107.

123 4275 311 4326 demonstravi.
338 4273 446 4328 Dixerat
461 4294 484 4327 c.
502 4280 554 4338 28,
582 4293 624 4328 cs·
692 4278 768 4330 turba
785 4279 853 4326 venit
869 4303 902 4337 ,-
918 4283 1087 4327 coniminum.

88 4349 144 4394 stra
170 4342 250 4410 Regis
275 4339 361 4393 trihus
389 4341 514 4397 lateribus
543 4345 624 4397 t'nisse
726 4348 832 4412 regione
881 4361 933 4394 um.
962 4343 1018 4395 Alii
1050 4349 1078 4395 in
1108 4350 1222 4414 regione.

89 4418 174 4462 tecta.
192 4407 260 4477 Ergo
276 4419 401 4532 quartum
417 4411 488 4465 latus
509 4411 626 4468 liberum
691 4408 774 4462 luri'n.
793 4409 851 4462 vole
861 4457 862 4460 ,
872 4421 898 4463 at
915 4431 928 4461 e
945 4416 1068 4482 regione,
1087 4413 1164 4467 male.
1179 4413 1222 4467 Cs.

91 4494 228 4532 accessum
245 4475 277 4530 bu
300 4478 348 4530 uit.
365 4479 405 4532 H.
451 4503 454 4514 ·
691 4477 762 4534 Oud-
780 4479 814 4534 ed
830 4479 903 4535 svn.
921 4479 994 4536 Cres·
1012 4497 1035 4533 e·
1053 4477 1096 4550 39.
