3044 5316
470 363 553 429 ua.
588 364 682 428 one.
719 331 897 454 alp-26.
1183 375 1244 468 27

120 567 198 642 illic
237 567 429 644 triremem
464 567 632 648 hostium
657 569 886 670 perforasset
912 595 957 646 ac
984 569 1251 662 demersisset:

118 686 339 784 proximam.
367 684 516 786 longius
541 688 763 778 insecutus,
788 715 922 788 parurn
950 691 1123 773 celeriter
1155 695 1254 780 inse-

45 843 46 848 κ
122 801 328 898 quentibus
348 799 500 900 reliquis
515 857 527 894 ,
542 804 825 881 circumventus
844 806 891 881 ab
910 805 1171 886 Alexandrinis
1185 814 1254 892 est.

121 917 194 995 Cui
224 917 432 1002 subsidium
459 943 571 998 nemo
610 920 727 1010 tulit,
754 922 833 996 sive
860 921 962 1020 quod
987 925 1026 996 in
1052 927 1133 1023 ipso
1163 928 1255 1004 satis

8 1125 9 1132 ἵ
122 1034 300 1132 praesidii
328 1057 397 1133 pro
424 1034 568 1120 virtute
587 1061 630 1110 ae
649 1036 831 1110 felicitate
852 1040 932 1115 eius
951 1046 1129 1138 putarent
1155 1064 1255 1132 esse,

122 1153 206 1224 sive
234 1151 335 1250 quod
360 1153 429 1250 ipsi
457 1153 525 1224 sibi
552 1154 753 1240 timebant.
776 1155 910 1252 ltaque
938 1179 1036 1228 nnus
1063 1181 1112 1230 ex
1137 1159 1257 1242 omni-

123 1267 198 1340 bus
225 1289 270 1338 eo
296 1265 439 1364 proelio
455 1267 551 1340 bene
568 1293 648 1338 rem
668 1270 803 1368 gessit,
830 1270 932 1344 solus
959 1295 1049 1355 cum
1076 1295 1145 1347 sua
1164 1295 1257 1370 qua-

127 1381 284 1456 driremi
312 1381 470 1456 victrice
496 1383 620 1484 periit.
784 1441 788 1454 .

183 1499 243 1572 26.
269 1499 351 1580 Sub
377 1497 477 1596 idem
497 1491 664 1601 'tempus
699 1500 939 1581 Mithridates
974 1502 1253 1600 Pergamenus,

8 1699 9 1706 χ
124 1639 288 1713 magnae
309 1612 516 1688 nobilitatis
535 1611 638 1690 domi
651 1668 663 1704 ,
678 1615 932 1718 scientiaeque
950 1615 988 1688 in
1006 1615 1105 1690 bello
1123 1621 1164 1690 et
1183 1616 1259 1688 vir-

8 1829 9 1834 *
126 1733 247 1817 tutis,
271 1728 358 1803 fidei
386 1727 653 1830 dignitatisque
680 1731 718 1804 in
746 1732 913 1808 amicitia
949 1731 1142 1820 Caesaris,
1169 1731 1255 1804 mis-

125 1870 194 1920 sus
221 1844 259 1921 in
286 1843 435 1943 Syriam
470 1844 715 1944 Ciliciamque
750 1847 859 1932 initio
893 1844 980 1918 belli
1015 1843 1260 1927 Alexandrini

127 1963 181 2039 ad
208 1959 347 2035 auxilia
373 1959 622 2046 arcessenda,
649 1987 806 2062 magnas
833 1961 984 2062 copias,
1011 1985 1105 2062 quas
1132 1960 1262 2046 celeri·

128 2084 219 2164 ter,
246 2081 284 2148 et
310 2077 599 2180 propensissime
633 2079 837 2160 civitatum
877 2075 1103 2166 voluntate,
1127 2080 1166 2148 et
1192 2097 1262 2150 sua

130 2195 348 2296 diligentia,
376 2195 614 2290 confecerat,
638 2197 771 2273 itinere
790 2194 977 2296 pedestri,
1001 2218 1077 2291 quo
1104 2194 1262 2277 coniun-

128 2316 241 2414 gitur
254 2313 448 2414 Aegyptus
463 2311 616 2408 Syriae,
642 2311 833 2396 Pelusium
853 2310 1034 2398 adducita
1060 2309 1173 2407 idque
1192 2334 1262 2414 0p7

128 2433 289 2538 pidum,
314 2433 424 2505 firmo
451 2427 636 2528 praesidio
664 2434 895 2525 occupatum
913 2425 1082 2502 Achillae
1109 2433 1264 2526 propter

128 2545 460 2644 obportunitatem
486 2541 582 2634 loci,
609 2565 771 2640 namque
790 2547 874 2616 tota
888 2543 1082 2645 Aegyptus
1105 2542 1263 2614 maritu-

128 2687 200 2736 mo
220 2686 374 2737 accessu
391 2663 541 2751 Pharo,
567 2659 727 2760 pedestri
742 2657 915 2748 Pelusio,
939 2657 1047 2732 velut
1064 2656 1263 2744 claustris,

131 2782 286 2852 munita
310 2779 568 2868 existimatur,
597 2782 750 2876 repente
795 2776 942 2876 magnis
983 2774 1268 2862 circumdatum

131 2895 279 2993 copiis,
305 2891 503 2992 multiplici
532 2892 715 2990 praesidio
735 2891 977 2990 pertinaciter
994 2889 1269 2990 propugnanti-

106 3013 232 3104 ¹bus,
258 3017 298 3084 et
324 3010 520 3108 copiarum
547 3009 827 3110 magnitudine,
862 3032 956 3104 quas
991 3009 1156 3107 integras
1184 3005 1268 3092 vul-

134 3131 279 3204 neratis
298 3126 524 3238 defessisque
545 3125 788 3214 subiiciebat,
814 3131 853 3198 et
879 3128 1160 3223 perseverantia
1179 3151 1269 3200 con-

173 3355 200 3394 er
215 3343 276 3396 illie.
294 3341 338 3396 Al.
356 3355 382 3394 et
398 3341 454 3404 illi,
472 3339 565 3394 eodem
582 3358 672 3395 sensu·
739 3338 912 3396 Mitridates
924 3355 1031 3410 magnas
1056 3343 1142 3408 copias
1153 3338 1270 3390 asidaeis.-

132 3414 172 3463 V.
192 3411 266 3464 Parei
283 3411 335 3464 lex.
360 3409 445 3474 Plaut.
462 3409 545 3460 Iurin.
564 3409 673 3461 coniicit
741 3406 820 3528 plane
843 3424 898 3458 oon
915 3405 1011 3465 video,
1041 3425 1086 3460 orn
1104 3405 1183 3458 sanae
1204 3407 1270 3458 istae

133 3481 230 3538 illico,
248 3489 278 3531 ut
294 3478 367 3550 apud
385 3478 468 3530 Tacit.
486 3477 519 3528 Η.
540 3485 573 3541 4,
597 3480 639 3542 34.
752 3476 868 3530 cotiones
885 3493 940 3526 non
958 3493 1103 3543 numquam
1121 3483 1269 3530 serventur,

176 3546 327 3598 Mirlnidut.
345 3545 468 3613 Pergam.
494 3544 536 3596 Cf.
553 3561 612 3614 cap.
631 3547 673 3607 78.
741 3551 769 3594 et
784 3545 830 3595 vix
847 3541 914 3594 milri
933 3543 1098 3612 temperavi,
1124 3543 1188 3612 quin
1206 3541 1233 3592 h.
1251 3538 1271 3592 l.

135 3615 196 3668 Dio
214 3613 286 3666 Cass.
305 3623 358 3678 42,
378 3620 418 3676 41.
437 3612 479 3662 M.
713 3667 716 3674 ¹
741 3629 758 3662 a
781 3611 930 3664 recensione
955 3609 1181 3679 Oudendorpiaaa
1199 3626 1271 3660 reoe·

176 3681 253 3742 domi.
284 3680 329 3733 Sic
355 3687 383 3732 et
407 3677 516 3732 Sallust.
545 3677 605 3730 Cat.
635 3693 674 3744 17.
742 3677 896 3734 deremM.
915 3677 1069 3737 Emendavi.
1098 3679 1135 3727 At
1147 3673 1271 3726 Clarkius

137 3749 240 3810 lustin.
260 3757 295 3810 5,
313 3765 337 3814 9.
697 3771 701 3780 ·
742 3742 982 3798 volebat·adrlnrit
1004 3743 1039 3796 elo
1061 3759 1173 3816 sequens
1199 3741 1272 3792 rede·

177 3822 205 3866 tn
228 3815 293 3884 Syr.
312 3814 385 3866 Cilic.
403 3812 469 3883 Cap.
491 3829 512 3863 r.
531 3807 573 3862 M.
740 3819 795 3882 git,·
823 3811 870 3879 sed
898 3821 971 3864 sueta
1000 3818 1090 3861 nostro
1119 3819 1272 3879 temporum

179 3884 291 3932 adelae-ir.
319 3880 407 3934 Nihili
425 3889 466 3933 est
488 3879 565 3946 lectio
588 3877 674 3936 haee:
743 3882 864 3934 variatio.
885 3881 975 3931 Dav-is.
993 3875 1151 3932 ooniieiebat
1166 3881 1222 3927 dom
1239 3905 1275 3917 -
1330 3885 1333 3898 ¹

139 3949 316 4002 Mithridates
351 3966 407 4000 orem
443 3952 522 4017 copiis
551 3947 674 3998 adducit:
743 3949 854 4000 advenit.
873 3947 957 4007 lurin.
976 3949 1086 4002 amessia.

140 4036 226 4090 ‘luem
256 4020 329 4070 enlm
358 4013 489 4068 addimit?
518 4013 587 4068 cum
615 4031 676 4082 ⁸¹8⁰
777 4028 906 4084 Achillae.
935 4028 979 4080 sic
996 4025 1060 4078 boni
1078 4023 1155 4078 codd.
1173 4023 1274 4078 Pendet

141 4083 204 4139 ⁰⁰d·
223 4087 306 4154 regius
332 4081 433 4164 ‚clarui
456 4099 538 4153 ⁵¹¹Pr³
559 4079 676 4162 habeat)
745 4094 800 4150 soll.
817 4095 988 4163 apraesrilio.
1006 4093 1090 4162 Vulgo
1107 4093 1140 4144 ab
1158 4093 1273 4144 Achilla.

140 4170 255 4222 treuguas
282 4170 385 4220 copias,
419 4169 468 4220 pro
495 4168 551 4200 oum
575 4166 618 4202 mo
637 4167 677 4199 nir
885 4194 890 4204 .
1222 4189 1227 4199 .

106 4248 110 4256 ¹
140 4224 237 4288 copitar
255 4237 314 4272 cum
332 4217 487 4270 Ciacconius
505 4219 534 4268 in
545 4235 595 4268 sno
606 4213 626 4270 h
648 4235 676 4268 ro
775 4192 898 4262 P⁶d⁰⁸m
914 4189 989 4241 Infra
1007 4207 1030 4242 Ε·
1047 4185 1089 4248 33⁹
1107 4198 1235 4238 mmm·

143 4290 355 4357 magnas'oopias
372 4293 473 4337 exstare
489 4284 602 4350 dixerit,
616 4302 678 4335 cum
776 4279 1000 4352 propugnantibus
1029 4295 1045 4330 o
1067 4337 1068 4340 Ἴ
1087 4277 1181 4335 islanis.
1218 4277 1275 4329 Hor

144 4353 275 4426 rpnedam
288 4351 349 4404 edd.
367 4351 437 4404 idem
455 4353 509 4403 iam
521 4353 677 4422 receperint,
746 4349 854 4402 verbum
880 4364 952 4401 nune
976 4363 1030 4402 non
1046 4295 1123 4402 lene
1146 4345 1275 4402 omissum

142 4423 224 4492 ⁵etsie
241 4421 332 4484 omnia
349 4427 418 4476 recta
435 4419 506 4486 siut,
523 4421 547 4486 si
564 4419 678 4492 legatur,
745 4425 787 4482 =est
803 4434 818 4470 a
836 4416 972 4490 scriptore·
989 4411 1028 4466 M.
