3044 5316
315 393 379 492 24
515 409 555 467 x.
590 406 727 490 uranu
761 360 825 468 nn*
852 407 987 468 senno
1022 345 1252 506 eanmund

314 613 461 688 incitati
487 637 641 716 magnas
666 615 894 688 accessiones
920 613 1076 687 fecerint
1101 614 1140 686 in
1166 611 1340 711 operibus
1358 606 1428 684 ho·

315 729 429 800 stium
448 728 723 828 expugnandis,
749 729 787 800 in
814 727 961 828 proeliis
987 727 1237 826 quotidianis,
1265 726 1434 828 quando·

314 869 476 943 cumque
502 870 580 918 sors
607 843 816 954 obtulerat,
845 845 1150 944 procurrentibus
1176 853 1215 920 et
1241 869 1434 948 erumpen-

312 963 415 1037 tibus
442 961 699 1037 Alexandrinis
718 965 754 999 **
773 985 927 1034 manum
958 962 1223 1062 comprehendi
1264 963 1431 1038 multum

314 1081 512 1182 operibuS,
538 1087 578 1154 et
603 1079 821 1153 ardentibus
846 1077 978 1152 studiis
995 1079 1189 1166 militum;
1215 1105 1285 1154 nec
1311 1079 1433 1153 divul-

312 1203 402 1297 gata
426 1195 592 1271 Caesaris
617 1193 783 1267 hortatio
812 1193 986 1292 subsequi
1012 1192 1204 1293 legionum
1229 1199 1299 1268 aut
1322 1193 1433 1268 labo·

314 1335 421 1394 rem,
449 1315 516 1382 aut
541 1308 731 1410 pugnandi
759 1314 908 1407 poterat
940 1305 1218 1406 cupiditatem,
1245 1315 1290 1384 ut
1314 1309 1434 1408 magis

314 1423 531 1512 deterrendi
561 1429 601 1496 et
640 1423 854 1497 continendi
889 1449 912 1496 a
946 1421 1267 1522 periculosissimis
1306 1428 1430 1496 essent

314 1537 640 1626 dimicationibus,
666 1561 783 1636 quam
806 1537 987 1612 incitandi
1014 1537 1062 1610 ad
1088 1537 1346 1637 pugnandum.

366 1651 428 1728 23.
455 1652 721 1744 Alexandrini,
747 1678 864 1753 quum
890 1655 1082 1728 Romanos
1108 1662 1148 1729 et
1173 1655 1346 1730 secundis
1371 1679 1434 1728 re-

314 1768 385 1842 bus
411 1769 623 1843 confirmari
650 1775 689 1844 et
715 1755 880 1842 aduersis
905 1765 1055 1842 incitari
1088 1768 1282 1854 viderent,
1312 1794 1434 1867 neque

313 1883 434 1957 ullum
461 1881 545 1958 belli
573 1885 732 1958 tertium
750 1907 879 1957 casum
898 1875 1065 1967 nossent,
1085 1905 1160 1980 quo
1178 1890 1329 1981 possent
1355 1907 1435 1957 esse

314 1996 525 2085 firmiores,
551 2003 595 2070 ut
628 1997 848 2072 coniectura
886 1998 1064 2096 consequi
1102 2021 1327 2096 possumus,
1366 2003 1436 2071 aut

317 2111 499 2186 admoniti
519 2137 541 2184 a
559 2113 675 2213 Regis
689 2114 837 2202 amicis,
858 2114 923 2212 qui
944 2113 983 2184 in
1002 2103 1169 2186 Caesaris
1196 2118 1304 2186 erant
1328 2131 1436 2212 prae·

315 2225 435 2316 sidiis,
461 2233 529 2300 aut
554 2251 622 2301 suo
648 2229 770 2328 priore
797 2228 973 2317 consilio,
997 2251 1063 2326 per
1085 2225 1259 2352 pocultos
1277 2227 1435 2300 nuncios

314 2342 411 2442 Regi
437 2343 616 2442 probato,
635 2343 781 2447 legatos
807 2344 856 2417 ad
881 2345 1078 2419 Caesarem
1095 2343 1298 2435 miserunt,
1321 2358 1362 2416 ut
1385 2345 1436 2417 di·

317 2465 473 2536 mitteret
489 2461 653 2561 Regem,
676 2465 899 2562 tramireque
919 2461 970 2536 ed
992 2477 1078 2534 suos
1100 2475 1304 2560 pateretur.-
1327 2489 1436 2560 para·

315 2593 393 2652 tam
418 2581 514 2652 enim
539 2603 678 2652 omnem
696 2563 963 2653 multitudinem*
985 2603 1082 2667 esse,
1098 2577 1435 2676 coeffectam'taeds'o

312 2693 477 2791 puellae,
497 2687 700 2786 fiduciario
734 2693 887 2792 Regno,
923 2693 1164 2768 dominatione
1187 2694 1439 2768 crudelissima

910 2895 980 2948 soret
990 2895 1034 2948 bic
1046 2889 1139 2950 sensus
1146 2895 1223 2950 valde
1235 2904 1380 2950 contortus.
1398 2899 1439 2949 M.

349 2901 365 2930 s
381 2899 396 2928 r
530 2923 563 2935 -

411 2915 513 2948 „ranam
581 2895 666 2949 [Μ’
682 2903 842 2975 ‘wilmus'
942 2977 969 3015 et
984 2966 1138 3016 concitandi.
1155 2963 1207 3018 hoc
1223 2983 1256 3018 ex
1273 2965 1338 3018 edit.
1355 2965 1440 3029 Davi-2

316 2964 493 3020 caisnemine
506 2963 591 3016 adhuc
607 2963 736 3018 medicina
748 2981 843 3015 inven-

315 3042 343 3086 ta
367 3039 416 3084 est.
445 3031 542 3084 cellar.
571 3029 714 3085 Tollendae
737 3029 842 3084 lacunae

315 3099 367 3168 legi
383 3098 441 3152 vult
457 3097 540 3150 lurin.
553 3117 559 3148 2
585 3096 645 3150 Hoc
661 3126 694 3140 -·
708 3099 843 3168 perturba·

316 3180 422 3225 rentur,
448 3169 543 3218 incensi
559 3195 592 3206 -·
609 3170 760 3218 accessiones
772 3165 843 3236 seae-

316 3247 379 3287 runt
389 3240 416 3286 in
433 3253 473 3304 op.
491 3233 518 3284 h.
536 3251 627 3304 eapug.
646 3239 673 3285 in
688 3235 843 3303 proeliisque

316 3301 416 3374 quotid.
446 3303 523 3353 nand.
533 3318 606 3372 proc.
619 3313 645 3352 et
657 3320 752 3368 erump.
763 3301 842 3354 Alex.

309 3369 373 3442 fhrs
441 3369 536 3420 tulerat
565 3387 669 3421 manum
696 3368 844 3451 corpserendi

310 3437 464 3509 samltatem
488 3435 636 3488 ardentibus
660 3440 750 3490 studiis
775 3437 843 3488 mili·

318 3519 379 3554 sum.
397 3503 467 3556 Mihi
483 3503 589 3556 videtur
606 3506 644 3558 sic
661 3503 727 3557 bene
745 3505 844 3558 cousti-

318 3573 358 3623 tui
375 3569 466 3630 locus,
483 3588 516 3622 ue
536 3590 567 3622 ue
585 3589 646 3622 vero
663 3591 767 3624 necesse
778 3591 843 3637 esse,

317 3648 349 3690 ut
359 3637 431 3690 istud
447 3651 475 3688 ut
492 3656 512 3690 sr
543 3639 673 3708 primatur
690 3649 716 3691 et
733 3637 845 3694 verbum

311 3705 426 3778 fioerint
442 3714 565 3757 mutetur.

351 3773 474 3842 subsequi.
492 3771 548 3824 Hoc
565 3790 619 3824 non
637 3771 771 3842 intelligo,
793 3774 845 3826 fes·

318 3857 413 3910 susque
431 3848 472 3892 est
492 3839 716 3908 Oudendorpius‚
745 3859 772 3892 se
789 3860 845 3894 non

319 3907 422 3977 assequi
439 3925 553 3958 sensum.
575 3905 667 3959 Multis
683 3907 770 3960 modis
786 3916 845 3960 ten-

317 3977 396 4041 tavi3
413 3974 459 4027 sed
476 3973 566 4035 nihil,
589 3975 662 4054 quod
679 3993 844 4045 repereram,

318 4049 375 4092 erat
403 4042 432 4092 in
460 4039 502 4094 bis
530 4040 634 4094 verbrs:
664 4041 733 4094 illud
761 4062 845 4094 unum

317 4107 458 4161 videbatur
484 4108 545 4162 ferri
573 4127 665 4180 posse,
689 4111 713 4162 si
730 4113 845 4180 sffsequs'

317 4184 388 4228 esset
403 4195 446 4227 ass
478 4180 525 4236 ui,
542 4177 619 4245 quasi
634 4175 710 4230 labor
726 4186 754 4230 et
770 4179 845 4247 cupi·

318 4241 388 4295 ditas
405 4243 442 4294 ita
473 4244 651 4306 estinasseut‚
680 4253 711 4296 ut
727 4243 844 4298 hortatio

317 4311 369 4374 (ne
394 4309 446 4360 sibi
474 4321 599 4364 nocerent
615 4309 704 4364 labore
723 4322 750 4364 et
771 4313 846 4382 cupi..

320 4375 423 4440 ditate)
449 4393 505 4428 non
534 4386 625 4447 posset
652 4398 695 4430 eos
724 4381 845 4450 assequi,

320 4444 386 4502 satis
401 4451 504 4502 nature
519 4445 554 4500 ad
569 4463 614 4502 eos
630 4447 776 4516 pervenire.
792 4445 845 4503 Sed

909 3031 944 3084 sii
960 3039 988 3084 et
1004 3029 1063 3084 aliis
1080 3030 1220 3084 exciderat.
1439 3087 1442 3094 ‚
1459 3069 1462 3074 ι

943 3100 1078 3150 admoniti.
1101 3098 1177 3152 codd.
1195 3099 1303 3170 quidm
1320 3105 1429 3153 incitati.

920 3185 989 3246 -spo
1007 3169 1096 3234 priore
1119 3167 1234 3218 oonsilio.
1261 3169 1305 3222 Sic
1330 3169 1442 3238 quidem

909 3231 1293 3379 {attestatum
1309 3234 1443 3356 anan

910 3367 1025 3438 explicat
1035 3369 1084 3428 sic.
1095 3367 1155 3422 illos
1168 3371 1242 3439 prius
1258 3367 1360 3423 dedisse
1376 3388 1443 3424 con-

910 3433 1013 3515 silium,
1029 3454 1112 3516 quam
1134 3435 1168 3488 ab
1185 3437 1244 3518 aliis
1266 3439 1443 3517 accepissent,
1513 3471 1514 3474 =

910 3501 1443 3642 hiihlhsdhcdnlillo'bidbsrhlidibiitessligd

910 3657 971 3692 veru
990 3637 1073 3708 probo
1090 3658 1133 3692 eas
1150 3637 1302 3701 editiones,
1332 3641 1360 3691 iu
1379 3641 1442 3710 qui·

910 3707 962 3760 bus
973 3720 1060 3763 suopte
1076 3707 1197 3768 consilio,
1215 3705 1242 3757 h.
1260 3727 1283 3758 e.
1301 3725 1349 3759 suo
1367 3707 1442 3776 ipso·

911 3794 970 3828 rum
986 3774 1115 3832 consilio,
1133 3774 1235 3842 legitur.
1252 3801 1285 3813 -·
1319 3773 1443 3827 Pertinet

911 3842 964 3894 huc
980 3841 1035 3922 Dio
1052 3841 1123 3894 Cass.
1142 3853 1195 3908 42,
1214 3852 1255 3922 42·¹
1273 3841 1311 3892 M.

945 3911 1007 3978 Rege
1033 3909 1150 3977 probato.
1182 3908 1278 3961 Melior
1306 3919 1347 3962 est
1374 3909 1443 3963 haec

911 3975 990 4028 lectio
1007 3975 1106 4039 altera,
1123 3995 1190 4046 quae
1207 3973 1290 4028 babet
1306 3977 1389 4047 Regis.
1406 3977 1444 4030 lu

911 4045 963 4096 ista
981 4043 1090 4114 plurimi
1108 4043 1185 4097 codd.
1203 4045 1385 4096 consentiunt.

944 4111 1045 4192 puellae
1053 4150 1064 4193 ,
1078 4111 1212 4164 Arsinoes.
1225 4109 1340 4196 Qube·
1352 4122 1377 4178 4.
1397 4111 1443 4164 Μ.

911 4178 1116 4324 ..fimus
1145 4178 1342 4308 strete
1356 4197 1444 4316 rx:

912 4309 1116 4432 grlrpeutpssrme
1133 4311 1329 4398 custodiebatup
1347 4314 1394 4378 (de
1411 4311 1442 4366 B.

938 4415 943 4428 .
991 4415 1001 4446 ,
1036 4384 1094 4505 op).
1113 4385 1241 4459 Αιειιιοο,
1259 4381 1441 4461 liegissoror,

912 4456 969 4504 orat
995 4466 1049 4518 spu
1092 4458 1255 4516 saeuitum,
1283 4459 1313 4504 ut
1340 4457 1443 4502 merea
